
@Article{Joeckel10a,
  author = 	 {P. J\"ockel and  A. Kerkweg and A. Pozzer and R. Sander and  H. Tost and H. Riede and A. Baumgaertner and S. Gromov and B. Kern},
  title = 	 {Development Cycle 2 of the Modular Earth Submodel System
(MESSy2)},
  journal = 	 {Geosci. Model Dev.},
  year = 	 {2010},
  OPTkey = 	 {},
  volume = 	 {3},
  OPTnumber = 	 {},
  pages = 	 {717-752},
  OPTmonth = 	 {},
  OPTannote = 	 {}
}

