@Article{Baumgaertner2016,
AUTHOR = {Baumgaertner, A. J. G. and JÃ¶ckel, P. and Kerkweg, A. and Sander, R. and Tost, H.},
TITLE = {Implementation of the Community Earth System Model (CESM) version 1.2.1 as a new base model into version 2.50 of the MESSy framework},
JOURNAL = {Geoscientific Model Development},
VOLUME = {9},
YEAR = {2016},
NUMBER = {1},
PAGES = {125--135},
OPTURL = {http://www.geosci-model-dev.net/9/125/2016/},
DOI = {10.5194/gmd-9-125-2016}
}

@article{Joeckel08a,
Author = {J\"ockel, P. and Kerkweg, A. and Buchholz-Dietsch, J. and Tost, H. and
   Sander, R. and Pozzer, A.},
Title = {{Technical note: Coupling of chemical processes with the modular earth
   submodel system (MESSy) submodel TRACER}},
Journal = {Atmos. Chem. Phys.},
Year = {{2008}},
Volume = {{8}},
Number = {{6}},
Pages = {{1677-1687}},
Type = {{Article}},
ISSN = {{1680-7316}},
Journal-ISO = {{Atmos. Chem. Phys.}},
Unique-ID = {{ISI:000254416700015}},
}


@Article{Joeckel10a,
  author = 	 {P. J\"ockel and  A. Kerkweg and A. Pozzer and R. Sander and  H. Tost and H. Riede and A. Baumgaertner and S. Gromov and B. Kern},
  title = 	 {Development Cycle 2 of the Modular Earth Submodel System
(MESSy2)},
  journal = 	 {Geoscientific Model Development},
  year = 	 {2010},
  OPTkey = 	 {},
  volume = 	 {3},
  OPTnumber = 	 {},
  pages = 	 {717-752},
  OPTmonth = 	 {},
  OPTannote = 	 {}
}

@Article{Kerkweg06a,
  author = 	 {A. Kerkweg and R. Sander and H. Tost and P. J\"ockel},
  title = 	 { Technical Note: Implementation of prescribed (OFFLEM), calculated (ONLEM), and pseudo-emissions (TNUDGE) of chemical species in the Modular Earth Submodel System (MESSy)},
  journal = 	 {Atmos. Chem. Phys.},
  year = 	 {2006},
  OPTkey = 	 {},
  volume = 	 {6},
  OPTnumber = 	 {},
  pages = 	 {3603-3609},
  OPTmonth = 	 {},
  OPTnote = 	 {},
  OPTannote = 	 {MESSy-0006, pdf, supp}
}

@Article{Pozzer11b,
AUTHOR = {Pozzer, A. and J\"ockel, P. and Kern, B. and Haak, H.},
TITLE = {The Atmosphere-Ocean General Circulation Model EMAC-MPIOM},
JOURNAL = {Geoscientific Model Development},
VOLUME = {4},
YEAR = {2011},
NUMBER = {3},
PAGES = {771--784},
URL = {http://www.geosci-model-dev.net/4/771/2011/},
DOI = {10.5194/gmd-4-771-2011},
}

@Article{Sander2011,
AUTHOR = {Sander, R. and Baumgaertner, A. and Gromov, S. and Harder, H. and J\"ockel, P. and Kerkweg, A. and Kubistin, D. and Regelin, E\
. and Riede, H. and Sandu, A. and Taraborrelli, D. and Tost, H. and Xie, Z.-Q.},
TITLE = {The atmospheric chemistry box model CAABA/MECCA-3.0},
JOURNAL = {Geoscientific Model Development},
VOLUME = {4},
YEAR = {2011},
NUMBER = {2},
PAGES = {373--380},
URL = {http://www.geosci-model-dev.net/4/373/2011/},
DOI = {10.5194/gmd-4-373-2011}
}
