@string{aa     ={Anesth. Analg.}}

@string{aaar   ={Arct. Antarct. Alp. Res.}}

@string{ab     ={Anal. Biochem.}}

@string{abc    ={Anal. Bioanal. Chem.}}

@string{ac     ={Anal. Chem.}}

@string{acbe   ={Appl. Catal. B: Environ.}}

@string{acp    ={Atmos. Chem. Phys.}}

@string{acpd   ={Atmos. Chem. Phys. Discuss.}}

@string{acr    ={Acc. Chem. Res.}}

@string{acscat ={ACS Catal.}} % ACS Catalysis

@string{adndt  ={Atom. Data Nucl. Data Tables}}

@string{ae     ={Atmos. Environ.}} % include letter A-B with Vol 24..27

@string{aect   ={Arch. Environ. Contam. Toxicol.}}

@string{aeh    ={Arch. Environ. Health}}

@string{aest   ={Adv. Environ. Sci. Technol.}} % Vol 24 = Gaseous Pollutants

@string{ag     ={Ann. Geophys.}}

@string{ags2   ={Ann. Geophys. Suppl. II}}

@string{aichej ={AIChE J.}}

@string{ajc    ={Aust. J. Chem.}}

@string{asjc   ={Asian J. Chem.}} % http://www.asianjournalofchemistry.co.in

@string{ajs    ={Am. J. Sci.}}

@string{ambio  ={Ambio}}

@string{amgba  ={Arch. Meteorol., Geophys. Bioklimatol., Ser. A}} % Archiv fuer Meteorologie, Geophysik und Bioklimatologie, Serie A: Meteorologie und Geophysik

@string{amstat ={Am. Stat.}}

@string{amt    ={Atmos. Meas. Tech.}}

@string{amtd   ={Atmos. Meas. Tech. Discuss.}}

@string{anest  ={Anesthesiology}}

@string{angew  ={Angew. Chem.}}

@string{angewie={Angew. Chem. Int. Edition}}

@string{anm    ={Appl. Numer. Math.}} % Applied Numerical Mathematics

@string{anncr  ={Ann. Chim. Rome}} % Annali di Chimica (Rome)

@string{ants   ={Antarct. Sci.}}

@string{anyas  ={Ann. N. Y. Acad. Sci.}}

@string{ao     ={Atmos. Ocean}}

@string{aopt   ={Appl. Opt.}}

@string{apcs   ={Acta Phys. Chim. Sin.}} % http://www.whxb.pku.edu.cn

@string{apoc   ={Adv. Phys. Org. Chem.}}

@string{ar     ={Atmos. Res.}}

@string{areps  ={Annu. Rev. Earth Planet. Sci.}}

@string{as     ={Anal. Sci.}}

@string{asr    ={Adv. Space Res.}}

@string{ass    ={Appl. Surf. Sci.}}

@string{ast    ={Aerosol Sci. Technol.}}

@string{atmos  ={Atmos.}} % http://www.mdpi.com/journal/atmosphere

@string{baa    ={Baseline Atmospheric (Australia)}}

@string{bams   ={Bull. Am. Met. Soc.}}

@string{bbabio ={Biochim. Biophys. Acta - Biomembranes}}

@string{bbpc   ={Ber. Bunsenges. Phys. Chem.}}

@string{bcsj   ={Bull. Chem. Soc. Jpn.}}

@string{bd     ={Biodegrad.}}

@string{bdcg   ={Ber. Dtsch. Chem. Ges.}} % http://onlinelibrary.wiley.com/doi/10.1002/cber.v24:2/issuetoc

@string{bect   ={Bull. Environ. Contam. Toxicol.}}

@string{bg     ={Biogeosci.}}

@string{bja    ={Br. J. Anaesth.}}

@string{bjim   ={Br. J. Ind. Med.}}

@string{bpa    ={Beitr. Phys. Atmos.}}

@string{ca     ={Chem. Abstr.}}

@string{caf    ={Combust. Flame}} % Combustion and Flame

@string{cc     ={Comput. Chem.}}

@string{cce    ={Comput. Chem. Eng.}}

@string{ccr    ={Croatica Chem. Acta}}

@string{ce     ={Chem. Eng.}} % include month http://www.chemengonline.com/

@string{cec    ={Chem. Eng. Comm.}}

@string{cep    ={Chem. Eng. Prog.}} % https://www.aiche.org/resources/publications/cep

@string{ces    ={Chem. Eng. Sci.}}

@string{cgcs   ={Chemosphere; Global Change Sci.}}

@string{chemo  ={Chemosphere}}

@string{chiuz  ={Chemie in unserer Zeit}}

@string{chrom  ={Chromatographia}}

@string{ci     ={Chem. Int.}} % https://www.degruyter.com/view/j/ci

@string{cimb   ={CIM Bull.}}

@string{cit    ={Chem.-Ing.-Tech.}} % Chemie Ingenieur Technik

@string{cjc    ={Can. J. Chem.}}

@string{cjce   ={Can. J. Chem. Eng.}}

@string{cjol   ={Chin. J. Oceanol. Limnol.}}

@string{cjp    ={Chin. J. Phys.}}

@string{cjr    ={Can. J. Res.}}

@string{cl     ={Chem. Lett.}}

@string{clch   ={Clim. Change}}

@string{cld    ={Clim. Dyn.}}

@string{cma    ={Comput. Math. Appl.}}

@string{cpcom  ={Comput. Phys. Commum.}}

@string{cp     ={Chem. Phys.}}

@string{cpc    ={Chem. Phys. Chem.}}

@string{cpl    ={Chem. Phys. Lett.}}

@string{cr     ={Chem. Rev.}}

@string{crest  ={Crit. Rev. Environ. Sci. Technol.}}

@string{crhsas ={C. R. Hebd. S\'eances Acad. Sci.}} % Comptes Rendus Hebdomadaires des Séances de l'Académie des Sciences http://gallica.bnf.fr/ark:/12148/cb343481087/date

@string{crst   ={Cold Reg. Sci. Technol.}}

@string{csf    ={Chem. Senses Flavour}}

@string{csr    ={Chem. Soc. Rev.}}

@string{cst    ={Combust. Sci. Technol.}}

@string{ct     ={Chem. Technol.}}

@string{cz     ={Chem. Ztg.}}

@string{desal  ={Desalination}}

@string{dfs    ={Discuss. Faraday Soc.}}

@string{dsr1   ={Deep-Sea Res. I}} % vol 40 - ...

@string{dsra   ={Deep-Sea Res. A}} % vol 26 - 39

@string{dsroa  ={Deep-Sea Res. Oceanogr. Abstr.}} % vol  9 - 23

@string{ec     ={Environ. Chem.}}

@string{ees    ={Ecotoxicol. Environ. Saf.}}

@string{ei     ={Environ. Int.}}

@string{ema    ={Environ. Monit. Assess.}}

@string{end    ={Endeavour}}

@string{engfu  ={Energy Fuels}}

@string{eos    ={Eos, Trans. AGU}}

@string{eosas  ={Eos, Trans. AGU (Abstract Supplement)}}

@string{ep     ={Environ. Pollut.}}

@string{er     ={Environ. Res.}}

@string{erl    ={Environ. Res. Lett.}}

@string{essd   ={Earth Syst. Sci. Data}}

@string{essdd  ={Earth Syst. Sci. Data Discuss.}}

@string{est    ={Environ. Sci. Technol.}}

@string{et     ={Environ. Technol.}}

@string{etc    ={Environ. Toxicol. Chem.}}

@string{etl    ={Environ. Technol. Lett.}} % http://www.tandfonline.com/loi/tent20#

@string{exsupp ={Experientia Suppl.}} % http://link.springer.com/bookseries/4822

@string{fd     ={Faraday Discuss.}}            % since volume 92

@string{fdcs   ={Faraday Discuss. Chem. Soc.}} % until volume 91

@string{feb    ={Fresenius Environ. Bull.}} % http://www.psp-parlar.de/journals.asp

@string{fh     ={Food Hydrocolloids}}

@string{figsh  ={Figshare}}

@string{fjac   ={Fresenius J. Anal. Chem.}}

@string{fpe    ={Fluid Phase Equilib.}}

@string{gbc    ={Global Biogeochem. Cycles}}

@string{gca    ={Geochim. Cosmochim. Acta}}

@string{geol   ={Geology}}

@string{geot   ={Geothermics}}

@string{ggg    ={Geochem. geophys. Geosyst.}}

@string{gmd    ={Geosci. Model Dev.}}

@string{gmdd   ={Geosci. Model Dev. Discuss.}}

@string{gra    ={Geophys. Res. Abstr.}}

@string{grl    ={Geophys. Res. Lett.}}

@string{gs     ={Geophys. Surv.}}

@string{hca    ={Helv. Chim. Acta}}

@string{hp     ={Health Phys.}}

@string{ic     ={Inorg. Chem.}}

@string{ica    ={Inorg. Chim. Acta}}

@string{idoja  ={Id\"oj\'ar\'as}}

@string{iec    ={Ind. Eng. Chem.}}

@string{iecf   ={Ind. Eng. Chem. Fund.}}

@string{iecpdd ={Ind. Eng. Chem. Process Des. Dev.}}

@string{iecr   ={Ind. Eng. Chem. Res.}}

@string{ieeetpds ={IEEE Trans. Parallel Distrib. Syst.}}

@string{ieeetpami ={IEEE Trans. Pattern Anal. Machine Intell.}}

@string{ijck   ={Int. J. Chem. Kinet.}}

@string{ijeac  ={Int. J. Environ. Anal. Chem.}}

@string{ijggc  ={Int. J. Greenhouse Gas Control}}

@string{ijms   ={Int. J. Mass Spectrom.}}            % new name

@string{ijmsip ={Int. J. Mass Spectrom. Ion Proc.}}  % old name

@string{ijraic ={Int. J. Radiat. Appl. Instrum. C}} % C = Radiation Physics and Chemistry

@string{irpc   ={Int. Rev. Phys. Chem.}}

@string{jac    ={J. Atmos. Chem.}}

@string{jacm   ={J. Assoc. Comput. Machinery}}

@string{jacussr={J. Anal. Chem. USSR}}

@string{jacs   ={J. Am. Chem. Soc.}}

@string{jafc   ={J. Agric. Food Chem.}}

@string{jam    ={J. Appl. Meteorol.}}

@string{japca  ={J. Air Pollut. Control Assoc.}} % 1955-1989, now: jawma

@string{jappl  ={J. Appl. Chem.}}

@string{jas    ={J. Aerosol Sci.}}

@string{jastp  ={J. Atmos. Sol.-Terr. Phys.}}

@string{jats   ={J. Atmos. Sci.}}

@string{jawma  ={J. Air Waste Manage. Assoc.}} % http://secure.awma.org/onlinelibrary/AdvancedSearch.aspx

@string{jawwa  ={J. Am. Water Works Assoc.}}

@string{jc     ={J. Clim.}}

@string{jcam   ={J. Comput. Appl. Math.}}

@string{jcc    ={J. Comput. Chem.}}

@string{jccs   ={J. Chilean Chem. Soc.}}

@string{jce    ={J. Chem. Educ.}}

@string{jced   ={J. Chem. Eng. Data}}

@string{jcej   ={J. Chem. Eng. Jpn.}}

@string{jchro  ={J. Chromatogr.}}

@string{jchroa ={J. Chromatogr. A}}

@string{jchros ={J. Chromatogr. Sci.}}

@string{jcics  ={J. Chem. Inf. Comput. Sci.}}

@string{jcois  ={J. Colloid Interface Sci.}}

@string{jcos   ={J. Colloid Sci.}}

@string{jcp    ={J. Chem. Phys.}}

@string{jcs    ={J. Chem. Soc.}}

@string{jcsa   ={J. Chem. Soc. A}}

@string{jcsb   ={J. Chem. Soc. B}}

@string{jcsc   ={J. Chem. Soc. C}}

@string{jcscc  ={J. Chem. Soc. Chem. Commum.}} % no volume

@string{jcsdt  ={J. Chem. Soc. Dalton Trans.}}

@string{jcsft  ={J. Chem. Soc. Faraday Trans.}} % 1 and 2 merged since vol 86

@string{jcsft1 ={J. Chem. Soc. Faraday Trans. 1}} % before vol 68 see tfs

@string{jcsft2 ={J. Chem. Soc. Faraday Trans. 2}} % before vol 68 see tfs

@string{jcsi   ={J. Chem. Soc. Ind.}}

@string{jcspt1 ={J. Chem. Soc. Perkin Trans. 1}} % no volume

@string{jcspt2 ={J. Chem. Soc. Perkin Trans. 2}} % no volume

@string{jct    ={J. Chem. Thermodyn.}}

@string{jctb   ={J. Chem. Tech. Biotechnol.}}

@string{jec    ={J. Environ. Chem.}}

@string{jece   ={J. Environ. Chem. Eng.}}

@string{jecs   ={J. Electrochem. Soc.}}

@string{jeed   ={J. Environ. Eng. Div.}} % ISSN: 0090-3914

@string{jem    ={J. Environ. Monit.}}

@string{jeq    ={J. Environ. Qual.}} % https://www.agronomy.org/publications/jeq

@string{jes    ={J. Environ. Sci.}}

@string{jesh   ={J. Environ. Sci. Health B}}

@string{jg     ={J. Glaciol.}}

@string{jgr    ={J. Geophys. Res.}} % include letter A-D for Vol >= 83

@string{jgratm ={J. Geophys. Res. Atmos.}} % new name (since 2015?)

@string{jhm    ={J. Hazard. Mater.}}

@string{jinc   ={J. Inorg. Nucl. Chem.}}

@string{jkice  ={J. Korean Inst. Chem. Eng.}}

@string{jlc    ={J. Liq. Chromatogr.}}

@string{jm     ={J. Meteorol.}}

@string{jmr    ={J. Mar. Res.}}

@string{jms    ={J. Mol. Struct.}}

@string{jnci   ={J. Natl. Cancer Inst.}}

@string{jne    ={J. Nucl. Energy}}

@string{jnm    ={J. Nucl. Mater.}}

@string{joc    ={J. Org. Chem.}}

@string{jp     ={J. Photochem.}}

@string{jpc    ={J. Phys. Chem.}} % until Vol 100

@string{jpca   ={J. Phys. Chem. A}} % starting Vol 101

@string{jpcb   ={J. Phys. Chem. B}} % starting Vol 101

@string{jpcl   ={J. Phys. Chem. Lett.}}

@string{jpcrd  ={J. Phys. Chem. Ref. Data}}

@string{jpess  ={J. Pestic. Sci.}}

@string{jpivf  ={J. Phys. IV France}}

@string{jppa   ={J. Photochem. Photobiol. A: Chem.}}

@string{jps    ={J. Pharm. Sci.}}

@string{jqsrt  ={J. Quant. Spectrosc. Radiat. Transfer}}

@string{jrnc   ={J. Radioanal. Nucl. Chem.}}

@string{jrnbsa ={J. Res. Natl. Bureau Standards A: Phys. Chem.}}

@string{jsc    ={J. Solution Chem.}}

@string{jsci   ={J. Soc. Chem. Ind.}}

@string{jsfa   ={J. Sci. Food Agri.}} % http://onlinelibrary.wiley.com/journal/10.1002/%28ISSN%291097-0010

@string{jsr    ={J. Sea Res.}}

@string{jwpcf  ={J. Water Pollut. Control Fed.}}

@string{kjce   ={Korean J. Chem. Eng.}} % http://link.springer.com/journal/volumesAndIssues/11814

@string{lo     ={Limnol. Oceanogr.}}

@string{mc     ={Mar. Chem.}}

@string{meps   ={Mar. Ecol. Prog. Ser.}}

@string{mer    ={Mar. Environ. Res.}}

@string{moch   ={Monatsh. Chem. - Chem. Mon.}}

@string{mpb    ={Mar. Pollut. Bull.}}

@string{mps    ={Meteorit. Planet. Sci.}}

@string{mrms   ={Mem. R. Meteorol. Soc.}}

@string{mte    ={Math. Termesz. Ertesit\"o}}

@string{mtr    ={Metrologia}} % http://iopscience.iop.org/0026-1394

@string{mwr    ={Mon. Weather Rev.}} % Monthly Weather Review

@string{mz     ={Meteorol. Z.}}

@string{nat    ={Nature}}

@string{natgeo ={Nature Geosci.}}

@string{natwis ={Naturwissenschaften}}

@string{nhm    ={Netw. Heterog. Media}}

@string{nim    ={Nucl. Instrum. Methods}}

@string{nimpr  ={Nucl. Instrum. Methods Phys. Res., Sect. B}}

@string{oc     ={Organohalogen Compd.}}

@string{ocp    ={Oil Chem. Pollut.}}

@string{ogj    ={Oil Gas J.}}           % include NUMBER in addition to VOLUME

@string{os     ={Ocean Sci.}}

@string{osd    ={Ocean Sci. Discuss.}}

@string{pac    ={Pure Appl. Chem.}}

@string{parc   ={Polycyclic Aromat. Compd.}}

@string{pag    ={Pure Appl. Geophys.}}

@string{pccp   ={Phys. Chem. Chem. Phys.}} % new: combination of bbpc and jcsft

@string{pceb   ={Phys. Chem. Earth B}}

@string{pci    ={Proc. Combust. Inst.}}

@string{pe     ={Pollut. Eng.}} % http://rzblx1.uni-regensburg.de/ezeit/warpto.phtml?bibid=MPICH&colors=7&lang=de&jour_id=17758

@string{proe   ={Procedia Eng.}}

@string{pess   ={Pestic. Sci.}}

@string{phys   ={Physica}}

@string{pns    ={Prog. Nat. Sci.}} % Progress in Natural Science

@string{pnas   ={Proc. Natl. Acad. Sci. USA}}

@string{pr     ={Polar Res.}}

@string{prsla  ={Proc. R. Soc. Lond. A}}

@string{prslb  ={Proc. R. Soc. Lond. B}}

@string{ppmc   ={Pulp Pap. Mag. Can.}}

@string{pss    ={Planet. Space Sci.}}

@string{pt     ={Physics Today}}

@string{ptrsl  ={Phil. Trans. R. Soc. Lond.}}   % Philosophical Transactions of the Royal Society

@string{ptrsla ={Phil. Trans. R. Soc. Lond. A}} % Philosophical Transactions of the Royal Society A

@string{qjrms  ={Q. J. R. Meteorol. Soc.}}

@string{rect   ={Rev. Environ. Contam. Toxicol.}}

@string{rg     ={Rev. Geophys.}}

@string{rgsp   ={Rev. Geophys. Space Phys.}}

@string{rjappl ={Russ. J. Appl. Chem.}}

@string{rjpc   ={Russ. J. Phys. Chem.}}

@string{rjpca  ={Russ. J. Phys. Chem. A}} % A = Focus on Chemistry

@string{rmzmg  ={RMZ Mater. Geoenviron.}}

@string{rpc    ={Radiat. Phys. Chem.}}

@string{rtcpb  ={Recl. Trav. Chim. Pays-Bas}} % Recueil des Travaux Chimiques des Pays-Bas

@string{sajfl  ={SAE Int. J. Fuels Lubr.}}

@string{sc     ={Sci. China}}

@string{sci    ={Science}}

@string{sciam  ={Scientific American}}

@string{sciex  ={Science Express}}

@string{sdw    ={Spektrum der Wissenschaft}}

@string{sg     ={Surv. Geophys.}}

@string{siamrev={SIAM Rev.}}

@string{spt    ={Sep. Pur. Tech.}}

@string{sqer   ={SAR QSAR Environ. Res.}}

@string{ste    ={Sci. Total Environ.}}

@string{sw     ={Space Weather}}

@string{tc     ={The Cryosphere}}

@string{tcd    ={The Cryosphere Discuss.}}

@string{tel    ={Tellus}} % include letter B for Vol >= 35

@string{tfs    ={Trans. Faraday Soc.}} % after vol 67 see jcsft1 and jcsft2

@string{tomacs ={ACM TOMACS}} % ACM Trans. Model. Comput. Simul.

@string{toms   ={ACM TOMS}} % ACM Trans. Math. Software

@string{toxi   ={Toxicology}} % http://www.sciencedirect.com/science/journal/0300483X

@string{wa     ={Wied. Ann.}} % = Annalen der Physik und Chemie, ed. = Wiedemann

@string{wasp   ={Water Air Soil Pollut.}}

@string{waspf  ={Water Air Soil Pollut. Focus}}

@string{wer    ={Water Environ. Res.}}

@string{wm     ={Waste Manage.}}

@string{wr     ={Wat. Res.}}

@string{wst    ={Wat. Sci. Tech.}}

@string{zac    ={Z. Angew. Chem.}}

@string{zamm   ={Z. Angew. Math. Mech.}}

@string{ze     ={Z. Elektrochem.}}

@string{zna    ={Z. Naturforsch. A}}

@string{znb    ={Z. Naturforsch. B}}

@string{zpc    ={Z. Phys. Chem.}} % include letter A or B for some volumes

@ARTICLE{221,
  KEYWORD =      {rate-const and spectrum},
  AUTHOR =       {D. Maric and J. P. Burrows and G. K. Moortgat},
  TITLE =        {A study of the UV-visible absorption spectra of
                  \chem{Br_2} and \chem{BrCl}},
  JOURNAL =      jppa,
  VOLUME =       83,
  PAGES =        {179-192},
  DOI =          {10.1016/1010-6030(94)03823-6},
  YEAR =         1994
}

@TECHREPORT{826,
  KEYWORD =      {data-tables and rate-const},
  AUTHOR =       {W. B. DeMore and S. P. Sander and D. M. Golden and R.
                  F. Hampson and M. J. Kurylo and C. J. Howard and A. R.
                  Ravishankara and C. E. Kolb and M. J. Molina},
  TITLE =        {Chemical kinetics and photochemical data for use in
                  stratospheric modeling. Evaluation number 12},
  TYPE =         {JPL Publication},
  NUMBER =       {97-4},
  INSTITUTION =  {Jet Propulsion Laboratory},
  ADDRESS =      {Pasadena, CA},
  YEAR =         1997
}

@ARTICLE{1713,
  KEYWORD =      {spectra},
  AUTHOR =       {J. Matthews and A. Sinha and J. S. Francisco},
  TITLE =        {The importance of weak absorption features in
                  promoting tropospheric radical production},
  JOURNAL =      pnas,
  VOLUME =       102,
  PAGES =        {7449-7452},
  DOI =          {10.1073/PNAS.0502687102},
  YEAR =         2005
}

@MISC{1745,
  KEYWORD =      {data-tables and rate-const},
  AUTHOR =       {T. J. Wallington and M. Ammann and R. A. Cox and J. N.
                  Crowley and H. Herrmann and M. E. Jenkin and V.F.
                  McNeill and A. Mellouki and M. J. Rossi and J. Troe},
  TITLE =        {IUPAC Task group on atmospheric chemical kinetic data
                  evaluation: Evaluated kinetic data},
  URL =          {http://iupac.pole-ether.fr},
  YEAR =         2018
}

@ARTICLE{1759,
  KEYWORD =      {iupac and data-tables and rate-const},
  AUTHOR =       {R. Atkinson and D. L. Baulch and R. A. Cox and J. N.
                  Crowley and R. F. Hampson and R. G. Hynes and M. E.
                  Jenkin and M. J. Rossi and J. Troe and {IUPAC
                  Subcommittee}},
  TITLE =        {Evaluated kinetic and photochemical data for
                  atmospheric chemistry: Volume II -- gas phase reactions
                  of organic species},
  JOURNAL =      acp,
  VOLUME =       6,
  PAGES =        {3625-4055},
  DOI =          {10.5194/ACP-6-3625-2006},
  YEAR =         2006
}

@TECHREPORT{1945,
  KEYWORD =      {data-tables and rate-const},
  AUTHOR =       {S. P. Sander and R. R. Friedl and D. M. Golden and M.
                  J. Kurylo and G. K. Moortgat and H. Keller-Rudek and
                  P. H. Wine and A. R. Ravishankara and C. E. Kolb and
                  M. J. Molina and B. J. Finlayson-Pitts and R. E. Huie
                  and V. L. Orkin},
  TITLE =        {Chemical Kinetics and Photochemical Data for Use in
                  Atmospheric Studies, Evaluation Number 15},
  TYPE =         {JPL Publication},
  NUMBER =       {06-2},
  INSTITUTION =  {Jet Propulsion Laboratory},
  ADDRESS =      {Pasadena, CA},
  URL =          {http://jpldataeval.jpl.nasa.gov},
  YEAR =         2006
}

@ARTICLE{2145,
  AUTHOR =       {X. Zhou and A. J. Davis and D. J. Kieber and W. C.
                  Keene and J. R. Maben and H. Maring and E. E. Dahl and
                  M. A. Izaguirre and R. Sander and L. Smoydzin},
  TITLE =        {Photochemical production of hydroxyl radical and
                  hydroperoxides in water extracts of nascent marine
                  aerosols produced by bursting bubbles from Sargasso
                  seawater},
  JOURNAL =      grl,
  VOLUME =       35,
  EID =          {L20803},
  DOI =          {10.1029/2008GL035418},
  YEAR =         2008
}

@ARTICLE{2150,
  AUTHOR =       {W. Allan and H. Struthers and D. C. Lowe},
  TITLE =        {Methane carbon isotope effects caused by atomic
                  chlorine in the marine boundary layer: Global model
                  results compared with Southern Hemisphere
                  measurements},
  JOURNAL =      jgr,
  VOLUME =       {112D},
  EID =          {D04306},
  DOI =          {10.1029/2006JD007369},
  YEAR =         2007
}

@ARTICLE{2346,
  KEYWORD =      {spectrum},
  AUTHOR =       {D. E. Shemansky},
  TITLE =        {\chem{CO_2} extinction coefficient 1700--3000 {\AA}},
  JOURNAL =      jcp,
  VOLUME =       56,
  PAGES =        {1582-1587},
  DOI =          {10.1063/1.1677408},
  YEAR =         1972
}

@ARTICLE{2351,
  KEYWORD =      {spectrum},
  AUTHOR =       {A. R. Ravishankara and S. Solomon and A. A. Turnipseed
                  and R. F. Warren},
  TITLE =        {Atmospheric lifetimes of long-lived halogenated species},
  JOURNAL =      sci,
  VOLUME =       259,
  PAGES =        {194-199},
  DOI =          {10.1126/SCIENCE.259.5092.194},
  YEAR =         1993
}

@ARTICLE{2354,
  KEYWORD =      {spectrum},
  AUTHOR =       {R. P. Turco},
  TITLE =        {Photodissociation rates in the atmosphere below 100 km},
  JOURNAL =      gs,
  VOLUME =       2,
  PAGES =        {153-192},
  DOI =          {10.1007/BF01447907},
  YEAR =         1975
}

@ARTICLE{2357,
  KEYWORD =      {spectrum},
  AUTHOR =       {G. A. A. Koppers and D. P. Murtagh},
  TITLE =        {Model studies of the influence of \chem{O_2}
                  photodissociation parameterizations in the
                  Schumann-Runge bands on ozone related photolysis in
                  the upper atmosphere},
  JOURNAL =      ag,
  VOLUME =       14,
  PAGES =        {68-79},
  YEAR =         1996
}

@ARTICLE{2361,
  KEYWORD =      {spectrum},
  AUTHOR =       {C. M. Roehl and S. A. Nizkorodov and H. Zhang and G.
                  A. Blake and P. O. Wennberg},
  TITLE =        {Photodissociation of peroxynitric acid in the near-IR},
  JOURNAL =      jpca,
  VOLUME =       106,
  PAGES =        {3766-3772},
  DOI =          {10.1021/JP013536V},
  YEAR =         2002
}

@ARTICLE{2362,
  KEYWORD =      {spectrum},
  AUTHOR =       {E. C. Y. Inn and K. Watanabe and M. Zelikoff},
  TITLE =        {Absorption coefficients of gases in the vacuum
                  ultraviolet. Part III. \chem{CO_2}},
  JOURNAL =      jcp,
  VOLUME =       21,
  PAGES =        {1648-1650},
  DOI =          {10.1063/1.1698637},
  YEAR =         1953
}

@TECHREPORT{2626,
  KEYWORD =      {data-tables and rate-const},
  AUTHOR =       {S. P. Sander and J. Abbatt and J. R. Barker and J. B.
                  Burkholder and R. R. Friedl and D. M. Golden and R. E.
                  Huie and C. E. Kolb and M. J. Kurylo and G. K.
                  Moortgat and V. L. Orkin and P. H. Wine},
  TITLE =        {Chemical Kinetics and Photochemical Data for Use in
                  Atmospheric Studies, Evaluation No. 17},
  TYPE =         {JPL Publication},
  NUMBER =       {10-6},
  INSTITUTION =  {Jet Propulsion Laboratory},
  ADDRESS =      {Pasadena},
  URL =          {http://jpldataeval.jpl.nasa.gov},
  YEAR =         2011
}

@ARTICLE{2633,
  AUTHOR =       {S. Chabrillat and G. Kockarts},
  TITLE =        {Simple parameterization of the absorption of the solar
                  Lyman-alpha line},
  JOURNAL =      grl,
  VOLUME =       24,
  PAGES =        {2659-2662},
  DOI =          {10.1029/97GL52690},
  YEAR =         1997
}

@ARTICLE{2634,
  KEYWORD =      {spectrum},
  AUTHOR =       {S. Chabrillat and G. Kockarts},
  TITLE =        {Correction to ``Simple parameterization of the
                  absorption of the solar Lyman-alpha line''},
  JOURNAL =      grl,
  VOLUME =       25,
  PAGES =        {79},
  DOI =          {10.1029/97GL03569},
  YEAR =         1998
}

@ARTICLE{2693,
  KEYWORD =      {spectrum},
  AUTHOR =       {B. Ghosh and D. K. Papanastasiou and R. K. Talukdar
                  and J. M. Roberts and J. B. Burkholder},
  TITLE =        {Nitryl chloride (\chem{ClNO_2}): UV/Vis absorption
                  spectrum between 210 and 296~\unit{K} and O($^3$P)
                  quantum yield at 193 and 248 nm},
  JOURNAL =      jpca,
  VOLUME =       116,
  PAGES =        {5796-5805},
  DOI =          {10.1021/JP207389Y},
  YEAR =         2012
}

@ARTICLE{2872,
  AUTHOR =       {H. Keller-Rudek and G. K. Moortgat and R. Sander and
                  R. S\"orensen},
  TITLE =        {The MPI-Mainz UV/VIS spectral atlas of gaseous
                  molecules of atmospheric interest},
  JOURNAL =      essd,
  VOLUME =       5,
  PAGES =        {365-373},
  DOI =          {10.5194/ESSD-5-365-2013},
  YEAR =         2013
}

@ARTICLE{2919,
  KEYWORD =      {spectrum},
  AUTHOR =       {S. O. Danielache and C. Eskebjerg and M. S. Johnson
                  and Y. Ueno and N. Yoshida},
  TITLE =        {High-precision spectroscopy of \chem{^{32}S},
                  \chem{^{33}S}, and \chem{^{34}S} sulfur dioxide:
                  Ultraviolet absorption cross sections and isotope
                  effects},
  JOURNAL =      jgr,
  VOLUME =       {113D},
  EID =          {D17314},
  DOI =          {10.1029/2007JD009695},
  YEAR =         2008
}

@ARTICLE{3146,
  AUTHOR =       {I. Barnes and K. H. Becker and T. Zhu},
  TITLE =        {Near UV absorption-spectra and photolysis products of
                  difunctional organic nitrates -- possible importance as
                  \chem{NO_x} reservoirs},
  JOURNAL =      jac,
  VOLUME =       17,
  PAGES =        {353-373},
  DOI =          {10.1007/BF00696854},
  YEAR =         1993
}

@ARTICLE{3161,
  AUTHOR =       {D. U. Andrews and B. R. Heazlewood and A. T. Maccarone
                  and T. Conroy and R. J. Payne and M. J. T. Jordan and
                  S. H. Kable},
  TITLE =        {Photo-tautomerization of acetaldehyde to vinyl
                  alcohol: a potential route to tropospheric acids},
  JOURNAL =      sci,
  VOLUME =       337,
  PAGES =        {1203-1206},
  DOI =          {10.1126/science.1220712},
  YEAR =         2012
}

@ARTICLE{3185,
  AUTHOR =       {L. Messaadia and G. El Dib and A. Ferhati and A.
                  Chakir},
  TITLE =        {UV-visible spectra and gas-phase rate coefficients for
                  the reaction of 2,3-pentanedione and 2,4-pentanedione
                  with \chem{OH} radicals},
  JOURNAL =      cpl,
  VOLUME =       626,
  PAGES =        {73-79},
  DOI =          {10.1016/j.cplett.2015.02.032},
  YEAR =         2015
}

@ARTICLE{3203,
  KEYWORD =      {spectrum},
  AUTHOR =       {J. Chen and J. C. Wenger and D. S. Venables},
  TITLE =        {Near-ultraviolet absorption cross sections of
                  nitrophenols and their potential influence on
                  tropospheric oxidation capacity},
  JOURNAL =      jpca,
  VOLUME =       115,
  PAGES =        {12235-12242},
  DOI =          {10.1021/jp206929r},
  YEAR =         2011
}

