@string{ab     ={Anal. Biochem.}}

@string{ac     ={Anal. Chem.}}

@string{acp    ={Atmos. Chem. Phys.}}

@string{acpd   ={Atmos. Chem. Phys. Discuss.}}

@string{acr    ={Acc. Chem. Res.}}

@string{ae     ={Atmos. Environ.}} % include letter A-B with Vol 24..27

@string{aest   ={Adv. Environ. Sci. Technol.}} % Vol 24 = Gaseous Pollutants

@string{ag     ={Ann. Geophys.}}

@string{ags2   ={Ann. Geophys. Suppl. II}}

@string{aichej ={AIChE J.}}

@string{ajc    ={Aust. J. Chem.}}

@string{amstat ={Am. Stat.}}

@string{angew  ={Angew. Chem.}}

@string{ants   ={Antarct. Sci.}}

@string{anyas  ={Ann. N. Y. Acad. Sci.}}

@string{ao     ={Atmos. Ocean}}

@string{ar     ={Atmos. Res.}}

@string{areps  ={Annu. Rev. Earth Planet. Sci.}}

@string{as     ={Anal. Sci.}}

@string{asr    ={Adv. Space Res.}}

@string{ast    ={Aerosol Sci. Technol.}}

@string{baa    ={Baseline Atmospheric (Australia)}}

@string{bbpc   ={Ber. Bunsenges. Phys. Chem.}}

@string{cc     ={Comput. Chem.}}

@string{cce    ={Comput. Chem. Eng.}}

@string{ce     ={Chem. Eng.}} % include month

@string{ces    ={Chem. Eng. Sci.}}

@string{cgcs   ={Chemosphere - Global Change Science}} % abbreviation = ??

@string{chemo  ={Chemosphere}}

@string{chrom  ={Chromatographia}}

@string{cimb   ={CIM Bull.}}

@string{cjc    ={Can. J. Chem.}}

@string{cjr    ={Can. J. Res.}}

@string{cp     ={Chem. Phys.}}

@string{cpl    ={Chem. Phys. Lett.}}

@string{cr     ={Chem. Rev.}}

@string{crest  ={Crit. Rev. Environ. Sci. Technol.}}

@string{crhsas ={C. R. Hebd. Seances Acad. Sci.}}

@string{cz     ={Chem. Ztg.}}

@string{dsr    ={Deep-Sea Res.}}

@string{end    ={Endeavour}}

@string{eos    ={Eos, Trans. AGU}}

@string{eosas  ={Eos, Trans. AGU (Abstract Supplement)}}

@string{ep     ={Environ. Pollut.}}

@string{est    ={Environ. Sci. Technol.}}

@string{et     ={Environ. Technol.}}

@string{etc    ={Environ. Toxicol. Chem.}}

@string{etl    ={Environ. Technol. Lett.}}

@string{fd     ={Faraday Discuss.}}            % since volume 92

@string{fdcs   ={Faraday Discuss. Chem. Soc.}} % until volume 91

@string{fjac   ={Fresenius J. Anal. Chem.}}

@string{fpe    ={Fluid Phase Equilib.}}

@string{gbc    ={Global Biogeochem. Cycles}}

@string{gca    ={Geochim. Cosmochim. Acta}}

@string{geot   ={Geothermics}}

@string{grl    ={Geophys. Res. Lett.}}

@string{hca    ={Helv. Chim. Acta}}

@string{ic     ={Inorg. Chem.}}

@string{ica    ={Inorg. Chim. Acta}}

@string{iecr   ={Ind. Eng. Chem. Res.}}

@string{ijck   ={Int. J. Chem. Kinetics}}

@string{ijeac  ={Int. J. Environ. Anal. Chem.}}

@string{irpc   ={Int. Rev. Phys. Chem.}}

@string{jac    ={J. Atmos. Chem.}}

@string{jacs   ={J. Am. Chem. Soc.}}

@string{jafc   ={J. Agric. Food Chem.}}

@string{jam    ={J. Appl. Meteorol.}}

@string{japca  ={J. Air. Pollut. Control Assoc.}}

@string{jappl  ={J. Appl. Chem.}}

@string{jas    ={J. Aerosol Sci.}}

@string{jats   ={J. Atmos. Sci.}}

@string{jawma  ={J. Am. Waste Manage. Assoc.}}

@string{jc     ={J. Clim.}}

@string{jce    ={J. Chem. Educ.}}

@string{jced   ={J. Chem. Eng. Data}}

@string{jcej   ={J. Chem. Eng. Japan}}

@string{jchro  ={J. Chromatogr.}}

@string{jchroa ={J. Chromatogr. A}}

@string{jchros ={J. Chromatogr. Sci.}}

@string{jcp    ={J. Chem. Phys.}}

@string{jcs    ={J. Chem. Soc.}}

@string{jcsa   ={J. Chem. Soc. A}}

@string{jcsb   ={J. Chem. Soc. B}}

@string{jcsc   ={J. Chem. Soc. C}}

@string{jcscc  ={J. Chem. Soc. Chem. Commum.}} % no volume

@string{jcsdt  ={J. Chem. Soc. Dalton Trans.}}

@string{jcsft  ={J. Chem. Soc. Faraday Trans.}} % 1 and 2 merged since vol 86

@string{jcsft1 ={J. Chem. Soc. Faraday Trans. 1}} % before vol 68 see tfs

@string{jcsft2 ={J. Chem. Soc. Faraday Trans. 2}} % before vol 68 see tfs

@string{jcspt1 ={J. Chem. Soc. Perkin Trans. 1}} % no volume

@string{jcspt2 ={J. Chem. Soc. Perkin Trans. 2}} % no volume

@string{jct    ={J. Chem. Thermodyn.}}

@string{jgr    ={J. Geophys. Res.}} % include letter A-D for Vol >= 83

@string{jhm    ={J. Hazard. Mater.}}

@string{jinc   ={J. Inorg. Nucl. Chem.}}

@string{jlc    ={J. Liq. Chromatogr.}}

@string{jm     ={J. Meteorol.}}

@string{jms    ={J. Mol. Struct.}}

@string{jne    ={J. Nucl. Energy}}

@string{jnm    ={J. Nucl. Mater.}}

@string{joc    ={J. Org. Chem.}}

@string{jp     ={J. Photochem.}}

@string{jpc    ={J. Phys. Chem.}} % until Vol 100

@string{jpca   ={J. Phys. Chem. A}} % starting Vol 101

@string{jpcb   ={J. Phys. Chem. B}} % starting Vol 101

@string{jpcrd  ={J. Phys. Chem. Ref. Data}}

@string{jppa   ={J. Photochem. Photobiol. A: Chem.}}

@string{jrnc   ={J. Radioanal. Nucl. Chem.}}

@string{jsc    ={J. Solution Chem.}}

@string{jsr    ={J. Sea Res.}}

@string{lo     ={Limnol. Oceanogr.}}

@string{mc     ={Mar. Chem.}}

@string{meps   ={Mar. Ecol. Prog. Ser.}}

@string{mpb    ={Mar. Pollut. Bull.}}

@string{nat    ={Nature}}

@string{natwis ={Naturwissenschaften}}

@string{nim    ={Nucl. Instrum. Methods}}

@string{nimpr  ={Nucl. Instrum. Methods Phys. Res. B}} % correct??? qqq

@string{ogj    ={Oil Gas J.}}           % include NUMBER in addition to VOLUME

@string{pac    ={Pure Appl. Chem.}}

@string{pag    ={Pure Appl. Geophys.}}

@string{pccp   ={Phys. Chem. Chem. Phys.}} % new: combination of bbpc and jcsft

@string{phys   ={Physica}}

@string{prslb  ={Proc. R. Soc. Lond. B}}

@string{pss    ={Planet. Space Sci.}}

@string{qjrms  ={Q. J. R. Meteorol. Soc.}}

@string{rect   ={Rev. Environ. Contam. Toxicol.}}

@string{rg     ={Rev. Geophys.}}

@string{rgsp   ={Rev. Geophys. Space Phys.}}

@string{rjpcet ={Russ. J. Phys. Chem., Engl. Transl.}}

@string{rpc    ={Radiat. Phys. Chem.}}

@string{sc     ={Sci. China}}

@string{sci    ={Science}}

@string{sciam  ={Scientific American}}

@string{sdw    ={Spektrum der Wissenschaft}}

@string{sg     ={Surv. Geophys.}}

@string{tel    ={Tellus}} % include letter B for Vol >= 35

@string{tfs    ={Trans. Faraday Soc.}} % after vol 67 see jcsft1 and jcsft2

@string{wasp   ={Water Air Soil Pollut.}}

@string{wm     ={Waste Manage.}}

@string{wr     ={Wat. Res.}}

@string{wst    ={Wat. Sci. Tech.}}

@string{zac    ={Z. Angew. Chem.}}

@string{zn     ={Z. Naturforsch.}}

@string{zpc    ={Z. Phys. Chem.}}

@ARTICLE{1,
KEYWORD      = {rxn and chain and \chem{Fe^{2/3+}}},
AUTHOR       = {P. Warneck},
TITLE        = {Chemical reactions in clouds},
JOURNAL      = fjac,
VOLUME       = {340},
PAGES        = {585-590},
YEAR         = 1991}

@ARTICLE{43,
KEYWORD      = {ox},
AUTHOR       = {L. R. Martin and D. E. Damschen},
TITLE        = {Aqueous oxidation of sulfur dioxide by hydrogen peroxide at
low {pH}},
JOURNAL      = ae,
VOLUME       = {15},
PAGES        = {1615-1621},
YEAR         = 1981}

@ARTICLE{45,
KEYWORD      = {aerosol},
AUTHOR       = {D. E. Damschen and L. R. Martin},
TITLE        = {Aqueous aerosol oxidation of nitrous acid by \chem{O_2},
\chem{O_3} and \chem{H_2O_2}},
JOURNAL      = ae,
VOLUME       = {17},
PAGES        = {2005-2011},
YEAR         = 1983}

@ARTICLE{46,
KEYWORD      = {rate-const},
AUTHOR       = {D. J. Jacob},
TITLE        = {Chemistry of \chem{OH} in remote clouds and its role in the
production of formic acid and peroxymonosulfate},
JOURNAL      = jgr,
VOLUME       = {91D},
PAGES        = {9807-9826},
YEAR         = 1986}

@ARTICLE{59,
KEYWORD      = {\chem{NO_2}},
AUTHOR       = {Y.-N. Lee and S. E. Schwartz},
TITLE        = {Reaction kinetics of nitrogen dioxide with liquid water at
low partial pressure},
JOURNAL      = jpc,
VOLUME       = {85},
PAGES        = {840-848},
YEAR         = 1981}

@ARTICLE{69,
KEYWORD      = {\chem{NO_3}},
AUTHOR       = {M. Exner and H. Herrmann and R. Zellner},
TITLE        = {Laser-based studies of reactions of the nitrate radical in
aqueous solution},
JOURNAL      = bbpc,
VOLUME       = {96},
PAGES        = {470-477},
YEAR         = 1992}

@ARTICLE{70,
KEYWORD      = {\chem{NO_3} and aq-phase-chem},
AUTHOR       = {P. Neta and R. E. Huie},
TITLE        = {Rate constants for reactions of \chem{NO_3} radicals in
aqueous solutions},
JOURNAL      = jpc,
VOLUME       = {90},
PAGES        = {4644-4648},
YEAR         = 1986}

@ARTICLE{75,
KEYWORD      = {chain and rate-const and aq-phase-chem},
AUTHOR       = {R. E. Huie and P. Neta},
TITLE        = {Rate constants for some oxidations of \chem{S(IV)} by radicals
in aqueous solutions},
JOURNAL      = ae,
VOLUME       = {21},
PAGES        = {1743-1747},
YEAR         = 1987}

@ARTICLE{85,
KEYWORD      = {chain},
AUTHOR       = {E. A. Betterton and M. R. Hoffmann},
TITLE        = {Oxidation of aqueous \chem{SO_2} by peroxymonosulfate},
JOURNAL      = jpc,
VOLUME       = {92},
PAGES        = {5962-5965},
YEAR         = 1988}

@ARTICLE{86,
KEYWORD      = {chain},
AUTHOR       = {P. H. Wine and Y. Tang and R. P. Thorn and J. R. Wells and
D. D. Davis},
TITLE        = {Kinetics of aqueous phase reactions of the \chem{SO_4^-}
radical with potential importance in cloud chemistry},
JOURNAL      = jgr,
VOLUME       = {94D},
PAGES        = {1085-1094},
YEAR         = 1989}

@ARTICLE{87,
KEYWORD      = {ox and photochem},
AUTHOR       = {W. L. Chameides},
TITLE        = {The photochemistry of a remote marine stratiform cloud},
JOURNAL      = jgr,
VOLUME       = {89D},
PAGES        = {4739-4755},
YEAR         = 1984}

@ARTICLE{111,
KEYWORD      = {chain},
AUTHOR       = {U. Deister and P. Warneck},
TITLE        = {Photooxidation of \chem{SO_3^{2-}} in aqueous solution},
JOURNAL      = jpc,
VOLUME       = {94},
PAGES        = {2191-2198},
YEAR         = 1990}

@ARTICLE{125,
AUTHOR       = {G. G. Jayson and B. J. Parsons and A. J. Swallow},
TITLE        = {Some simple, highly reactive, inorganic chlorine
derivatives in aqueous solution},
JOURNAL      = jcsft1,
VOLUME       = {69},
PAGES        = {1597-1607},
YEAR         = 1973}

@ARTICLE{144,
KEYWORD      = {data-tables and rate-const and chain},
AUTHOR       = {G. V. Buxton and C. L. Greenstock and W. P. Helman and A.
B. Ross},
TITLE        = {Critical review of rate constants for reactions of hydrated
electrons, hydrogen atoms and hydroxyl radicals
(\chem{\cdot OH}/\chem{\cdot O^-}) in aqueous solution},
JOURNAL      = jpcrd,
VOLUME       = {17},
PAGES        = {513-886},
YEAR         = 1988}

@BOOK{153,
KEYWORD      = {data-tables},
EDITOR       = {R. C. Weast},
TITLE        = {CRC Handbook of Chemistry and Physics, 61st Edition},
PUBLISHER    = {CRC Press, Inc., Boca Raton, FL},
YEAR         = 1980}

@ARTICLE{165,
KEYWORD      = {rxn},
AUTHOR       = {C. C. Kircher and S. P. Sander},
TITLE        = {Kinetics and mechanism of \chem{HO_2} and \chem{DO_2}
disproportionations},
JOURNAL      = jpc,
VOLUME       = {88},
PAGES        = {2082-2091},
YEAR         = 1984}

@ARTICLE{167,
KEYWORD      = {Henry},
AUTHOR       = {A. R. W. Marsh and W. J. McElroy},
TITLE        = {The dissociation constant and {H}enry's law constant of
\chem{HCl} in aqueous solution},
JOURNAL      = ae,
VOLUME       = {19},
PAGES        = {1075-1080},
YEAR         = 1985}

@ARTICLE{170,
KEYWORD      = {rate-const},
AUTHOR       = {M. Eigen and K. Kustin},
TITLE        = {The kinetics of halogen hydrolysis},
JOURNAL      = jacs,
VOLUME       = {84},
PAGES        = {1355-1361},
YEAR         = 1962}

@ARTICLE{175,
KEYWORD      = {ox},
AUTHOR       = {J. A. Lind and A. L. Lazrus and G. L. Kok},
TITLE        = {Aqueous phase oxidation of sulfur({IV}) by hydrogen peroxide,
methylhydroperoxide, and peroxyacetic acid},
JOURNAL      = jgr,
VOLUME       = {92D},
PAGES        = {4171-4177},
YEAR         = 1987}

@BOOK{194,
KEYWORD      = {data-tables},
AUTHOR       = {E. Lax},
TITLE        = {Taschenbuch f\"ur Chemiker und Physiker},
PUBLISHER    = {Springer Verlag, Berlin},
YEAR         = 1969}

@ARTICLE{205,
KEYWORD      = {rate-const},
AUTHOR       = {J. Weinstein-Lloyd and S. E. Schwartz},
TITLE        = {Low-intensity radiolysis study of free-radical reactions in
cloudwater: \chem{H_2O_2} production and destruction},
JOURNAL      = est,
VOLUME       = {25},
PAGES        = {791-800},
YEAR         = 1991}

@ARTICLE{210,
KEYWORD      = {rate-const},
AUTHOR       = {H. Christensen and K. Sehested},
TITLE        = {\chem{HO_2} and \chem{O_2^-} radicals at elevated
temperatures},
JOURNAL      = jpc,
VOLUME       = {92},
PAGES        = {3007-3011},
YEAR         = 1988}

@ARTICLE{211,
KEYWORD      = {rate-const},
AUTHOR       = {K. Sehested and J. Holcman and E. J. Hart},
TITLE        = {Rate constants and products of the reactions of
\chem{e_{aq}^-}, \chem{O_2^-} and \chem{H} with ozone in aqueous solutions},
JOURNAL      = jpc,
VOLUME       = {87},
PAGES        = {1951-1954},
YEAR         = 1983}

@ARTICLE{213,
KEYWORD      = {rate-const},
AUTHOR       = {K. Sehested and O. L. Rasmussen and H. Fricke},
TITLE        = {Rate constants of \chem{OH} with \chem{HO_2}, \chem{O_2^-},
and \chem{H_2O_2^+} from hydrogen peroxide formation in pulse-irradiated
oxygenated water},
JOURNAL      = jpc,
VOLUME       = {72},
PAGES        = {626-631},
YEAR         = 1968}

@ARTICLE{217,
KEYWORD      = {rate-const},
AUTHOR       = {H. Christensen and K. Sehested and H. Corfitzen},
TITLE        = {Reactions of hydroxyl radicals with hydrogen peroxide at
ambient and elevated temperatures},
JOURNAL      = jpc,
VOLUME       = {86},
PAGES        = {1588-1590},
YEAR         = 1982}

@BOOK{222,
KEYWORD      = {data-tables and rate-const and aq-phase-chem},
AUTHOR       = {A. B. Ross and W. G. Mallard and W. P. Helman and B. H. J.
Bielski and G. V. Buxton and D. E. Cabelli and C. L. Greenstock and R. E.
Huie and P. Neta},
TITLE        = {NDRL-NIST Solution Kinetics Database: - Ver.~1},
PUBLISHER    = {National Institute of Standards and Technology,
Gaithersburg, MD},
YEAR         = 1992}

@INPROCEEDINGS{231,
KEYWORD      = {rate-const},
AUTHOR       = {M. Chin and P. H. Wine},
TITLE        = {A temperature-dependent competitive kinetics study of the
aqueous-phase reactions of \chem{OH} radicals with formate, formic acid,
acetate, acetic acid, and hydrated formaldehyde},
BOOKTITLE    = {Aquatic and Surface Photochemistry},
PUBLISHER    = {A. F. Lewis, NY},
EDITOR       = {G. R. Helz and R. G. Zepp and D. G. Crosby},
PAGES        = {85-96},
YEAR         = 1994}

@BOOK{233,
KEYWORD      = {data-tables and rate-const},
AUTHOR       = {W. G. Mallard and F. Westley and J. T. Herron and R. F.
Hampson and D. H. Frizzel},
TITLE        = {NIST Chemical Kinetics Database: Version 5.0},
PUBLISHER    = {National Institute of Standards and Technology,
Gaithersburg, MD},
YEAR         = 1993}

@ARTICLE{243,
KEYWORD      = {\chem{DMS} and data-tables and rate-const},
AUTHOR       = {F. Yin and D. Grosjean and J. H. Seinfeld},
TITLE        = {Photooxidation of dimethyl sulfide and dimethyl disulfide. {I}:
Mechanism development},
JOURNAL      = jac,
VOLUME       = {11},
PAGES        = {309-364},
YEAR         = 1990}

@ARTICLE{277,
KEYWORD      = {\chem{Cl_2} and \chem{Br_2} and rate-const},
AUTHOR       = {L. C. T. Shoute and Z. B. Alfassi and P. Neta and R. E.
Huie},
TITLE        = {Temperature dependence of the rate constants for reaction
of dihalide and azide radicals with inorganic reductants},
JOURNAL      = jpc,
VOLUME       = {95},
PAGES        = {3238-3242},
YEAR         = 1991}

@ARTICLE{279,
KEYWORD      = {\chem{Br_2} and rate-const},
AUTHOR       = {A. Mamou and J. Rabani and D. Behar},
TITLE        = {On the oxidation of aqueous \chem{Br^-} by \chem{OH}
radicals, studied by pulse radiolysis},
JOURNAL      = jpc,
VOLUME       = {81},
PAGES        = {1447-1448},
YEAR         = 1977}

@ARTICLE{281,
KEYWORD      = {\chem{Br_2} and rate-const},
AUTHOR       = {D. Zehavi and J. Rabani},
TITLE        = {The oxidation of aqueous bromide by hydroxyl radicals. A
pulse radiolytic investigation},
JOURNAL      = jpc,
VOLUME       = {76},
PAGES        = {312-319},
YEAR         = 1972}

@ARTICLE{299,
KEYWORD      = {\chem{DMS} and rate-const},
AUTHOR       = {A. Jefferson and J. M. Nicovich and P. H. Wine},
TITLE        = {Temperature-dependent kinetics studies of the reactions
\chem{Br(^2P_{3/2})} + \chem{CH_3SCH_3} $\leftrightarrow$ \chem{CH_3SCH_2} +
\chem{HBr}. Heat of formation of the \chem{CH_3SCH_2} radical},
JOURNAL      = jpc,
VOLUME       = {98},
PAGES        = {7128-7135},
YEAR         = 1994}

@ARTICLE{316,
KEYWORD      = {\chem{HOCl} and \chem{HOBr} and \chem{Cl_2} and \chem{Br_2}},
AUTHOR       = {K. Kumar and D. W. Margerum},
TITLE        = {Kinetics and mechanism of general-acid-assisted oxidation of
bromide by hypochlorite and hypochlorous acid},
JOURNAL      = ic,
VOLUME       = {26},
PAGES        = {2706-2711},
YEAR         = 1987}

@ARTICLE{318,
KEYWORD      = {\chem{HOCl} and \chem{HOBr} and \chem{Cl_2} and \chem{Br_2}},
AUTHOR       = {T. X. Wang and M. D. Kelley and J. N. Cooper and R. C.
Beckwith and D. W. Margerum},
TITLE        = {Equilibrium, kinetic, and {UV}-spectral characteristics of
aqueous bromine chloride, bromine, and chlorine species},
JOURNAL      = ic,
VOLUME       = {33},
PAGES        = {5872-5878},
YEAR         = 1994}

@ARTICLE{358,
KEYWORD      = {\chem{NaCl+NO_y}},
AUTHOR       = {W. Behnke and V. Scheer and C. Zetzsch},
TITLE        = {Production of \chem{BrNO_2}, \chem{Br_2} and \chem{ClNO_2}
from the reaction between sea spray aerosol and \chem{N_2O_5}},
JOURNAL      = jas,
VOLUME       = {25},
PAGES        = {S277-S278},
YEAR         = 1994}

@ARTICLE{365,
KEYWORD      = {\chem{HO_2+Br_2^-} and rate-const},
AUTHOR       = {H. C. Sutton and M. T. Downes},
TITLE        = {Reactions of the \chem{HO_2} radical in aqueous solution with
bromine and related compounds},
JOURNAL      = jcsft1,
VOLUME       = {68},
PAGES        = {1498-1507},
YEAR         = 1972}

@ARTICLE{366,
KEYWORD      = {\chem{HO_2+Br_2^-} and rate-const},
AUTHOR       = {I. Wagner and H. Strehlow},
TITLE        = {On the flash photolysis of bromide ions in aqueous solution},
JOURNAL      = bbpc,
VOLUME       = {91},
PAGES        = {1317-1321},
YEAR         = 1987}

@INPROCEEDINGS{449,
KEYWORD      = {Henry and \chem{NO_x} and \chem{NO_y}},
AUTHOR       = {S. E. Schwartz and W. H. White},
TITLE        = {Solubility equilibria of the nitrogen oxides and oxyacids in
dilute aqueous solution},
BOOKTITLE    = {Advances in Environmental Science and Engineering},
PUBLISHER    = {Gordon and Breach Science Publishers, NY},
EDITOR       = {J. R. Pfafflin and E. N. Ziegler},
VOLUME       = {4},
PAGES        = {1-45},
YEAR         = 1981}

@ARTICLE{450,
KEYWORD      = {\chem{HNO_3}},
AUTHOR       = {Davis, Jr., W. and H. J. {de Bruin}},
TITLE        = {New activity coefficients of 0-100 per cent aqueous nitric
acid},
JOURNAL      = jinc,
VOLUME       = {26},
PAGES        = {1069-1083},
YEAR         = 1964}

@ARTICLE{452,
KEYWORD      = {rate-const and \chem{NO_2} and \chem{HONO}},
AUTHOR       = {C. L. Clifton and N. Altstein and R. E. Huie},
TITLE        = {Rate constant for the reaction of \chem{NO_2} with sulfur({IV})
over the {pH} range 5.3--13},
JOURNAL      = est,
VOLUME       = {22},
PAGES        = {586-589},
YEAR         = 1988}

@ARTICLE{471,
KEYWORD      = {rate-const and peroxy},
AUTHOR       = {S. Madronich and J. G. Calvert},
TITLE        = {Permutation reactions of organic peroxy radicals in the
troposphere},
JOURNAL      = jgr,
VOLUME       = {95D},
PAGES        = {5697-5715},
YEAR         = 1990}

@ARTICLE{475,
KEYWORD      = {rate-const},
AUTHOR       = {D. H. Fortnum and C. J. Battaglia and S. R. Cohen and J. O.
Edwards},
TITLE        = {The kinetics of the oxidation of halide ions by monosubstituted
peroxides},
JOURNAL      = jacs,
VOLUME       = {82},
PAGES        = {778-782},
YEAR         = 1960}

@ARTICLE{489,
KEYWORD      = {data-tables},
AUTHOR       = {D. D. Wagman and W. H. Evans and V. B. Parker and R. H. Schumm
and I. Halow and S. M. Bailey and K. L. Churney and R. L. Nuttall},
TITLE        = {The {NBS} tables of chemical thermodynamic properties; Selected
values for inorganic and \chem{C_1} and \chem{C_2} organic substances in {SI}
units},
JOURNAL      = jpcrd,
VOLUME       = {11},
PAGES        = {suppl. 2},
YEAR         = 1982}

@ARTICLE{521,
KEYWORD      = {\chem{HOBr} and \chem{Br_2}},
AUTHOR       = {R. C. Beckwith and T. X. Wang and D. W. Margerum},
TITLE        = {Equilibrium and kinetics of bromine hydrolysis},
JOURNAL      = ic,
VOLUME       = {35},
PAGES        = {995-1000},
YEAR         = 1996}

@ARTICLE{534,
KEYWORD      = {\chem{HMSA}},
AUTHOR       = {S. D. Boyce and M. R. Hoffmann},
TITLE        = {Kinetics and mechanism of the formation of
hydroxymethanesulfonic acid at low {pH}},
JOURNAL      = jpc,
VOLUME       = {88},
PAGES        = {4740-4746},
YEAR         = 1984}

@ARTICLE{536,
KEYWORD      = {\chem{NaCl+NO_y} and Henry},
AUTHOR       = {W. Behnke and C. George and V. Scheer and C. Zetzsch},
TITLE        = {Production and decay of \chem{ClNO_2} from the reaction of
gaseous \chem{N_2O_5} with \chem{NaCl} solution: Bulk and aerosol experiments},
JOURNAL      = jgr,
VOLUME       = {102D},
PAGES        = {3795-3804},
YEAR         = 1997}

@ARTICLE{549,
KEYWORD      = {\chem{HOBr} and iodine and rate-const},
AUTHOR       = {R. C. Troy and D. W. Margerum},
TITLE        = {Non-metal redox kinetics: Hypobromite and hypobromous acid
reactions with iodide and with sulfite and the hydrolysis of bromosulfate},
JOURNAL      = ic,
VOLUME       = {30},
PAGES        = {3538-3543},
YEAR         = 1991}

@ARTICLE{551,
KEYWORD      = {iodine and rate-const},
AUTHOR       = {R. M. Chambers and A. C. Heard and R. P. Wayne},
TITLE        = {Inorganic gas-phase reactions of the nitrate radical:
\chem{I_2} + \chem{NO_3} and \chem{I} + \chem{NO_3}},
JOURNAL      = jpc,
VOLUME       = {96},
PAGES        = {3321-3331},
YEAR         = 1992}

@ARTICLE{553,
KEYWORD      = {iodine and rate-const},
AUTHOR       = {Y. L. Wang and J. C. Nagy and D. W. Margerum},
TITLE        = {Kinetics of hydrolysis of iodine monochloride measured by the
pulsed-accelerated-flow method},
JOURNAL      = jacs,
VOLUME       = {111},
PAGES        = {7838-7844},
YEAR         = 1989}

@ARTICLE{554,
KEYWORD      = {iodine and rate-const},
AUTHOR       = {R. C. Troy and M. D. Kelley and J. C. Nagy and D. W. Margerum},
TITLE        = {Non-metal redox kinetics: Iodine monobromide reaction with
iodide ion and the hydrolysis of \chem{IBr}},
JOURNAL      = ic,
VOLUME       = {30},
PAGES        = {4838-4845},
YEAR         = 1991}

@ARTICLE{555,
KEYWORD      = {iodine and rate-const},
AUTHOR       = {J. C. Nagy and K. Kumar and D. W. Margerum},
TITLE        = {Non-metal redox kinetics: Oxidation of iodide by hypochlorous
acid and by nitrogen trichloride measured by the pulsed-accelerated-flow
method},
JOURNAL      = ic,
VOLUME       = {27},
PAGES        = {2773-2780},
YEAR         = 1988}

@ARTICLE{556,
KEYWORD      = {iodine and rate-const},
AUTHOR       = {S. Furrow},
TITLE        = {Reactions of iodine intermediates in iodate-hydrogen peroxide
oscillators},
JOURNAL      = jpc,
VOLUME       = {91},
PAGES        = {2129-2135},
YEAR         = 1987}

@ARTICLE{577,
KEYWORD      = {iodine and rate-const},
AUTHOR       = {M. E. Jenkin and R. A. Cox and D. E. Candeland},
TITLE        = {Photochemical aspects of tropospheric iodine behaviour},
JOURNAL      = jac,
VOLUME       = {2},
PAGES        = {359-375},
YEAR         = 1985}

@ARTICLE{579,
KEYWORD      = {iodine and rate-const},
AUTHOR       = {G. V. Buxton and C. Kilner and R. M. Sellers},
TITLE        = {Pulse radiolysis of \chem{HOI} and \chem{IO^-} in aqueous
solution. Formation and characterization of \chem{I(II)}},
JOURNAL      = {Proc. Tihany Symp. Radiat. Chem.},
VOLUME       = {6},
PAGES        = {155-159},
YEAR         = 1986}

@ARTICLE{597,
KEYWORD      = {rate-const and peroxy},
AUTHOR       = {E. Villenave and R. Lesclaux},
TITLE        = {Kinetics of the cross reactions of \chem{CH_3O_2} and
\chem{C_2H_5O_2} radicals with selected peroxy radicals},
JOURNAL      = jpc,
VOLUME       = {100},
PAGES        = {14372-14382},
YEAR         = 1996}

@ARTICLE{626,
KEYWORD      = {Henry},
AUTHOR       = {C. M. Kelley and H. V. Tartar},
TITLE        = {On the system: bromine-water},
JOURNAL      = jacs,
VOLUME       = {78},
PAGES        = {5752-5756},
YEAR         = 1956}

@ARTICLE{648,
KEYWORD      = {rate-const and aq-phase-chem},
AUTHOR       = {J. Hoign\'e and H. Bader and W. R. Haag and J. Staehelin},
TITLE        = {Rate constants of reactions of ozone with organic and inorganic
compounds in water -- {III} {I}norganic compounds and radicals},
JOURNAL      = wr,
VOLUME       = {19},
PAGES        = {993-1004},
YEAR         = 1985}

@ARTICLE{700,
KEYWORD      = {\chem{HOCl} and rate-const},
AUTHOR       = {K. D. Fogelman and D. M. Walker and D. W. Margerum},
TITLE        = {Non-metal redox kinetics: Hypochlorite and hypochlorous
acid reactions with sulfite},
JOURNAL      = ic,
VOLUME       = {28},
PAGES        = {986-993},
YEAR         = 1989}

@ARTICLE{744,
KEYWORD      = {ox},
AUTHOR       = {M. R. Hoffmann},
TITLE        = {On the kinetics and mechanism of oxidation of
aquated sulfur dioxide by ozone},
JOURNAL      = ae,
VOLUME       = {20},
PAGES        = {1145-1154},
YEAR         = 1986}

@ARTICLE{746,
KEYWORD      = {\chem{DMS} and rate-const},
AUTHOR       = {A. J. Hynes and P. H. Wine},
TITLE        = {The atmospheric chemistry of dimethylsulfoxide (\chem{DMSO})
kinetics and mechanism of the \chem{OH} + \chem{DMSO} reaction},
JOURNAL      = jac,
VOLUME       = {24},
PAGES        = {23-37},
YEAR         = 1996}

@ARTICLE{749,
KEYWORD      = {\chem{HONO}},
AUTHOR       = {S. B. Barone and A. A. Turnipseed and A. R. Ravishankara},
TITLE        = {Role of adducts in the atmospheric oxidation of dimethyl
sulfide},
JOURNAL      = fd,
VOLUME       = {100},
PAGES        = {39-54},
YEAR         = 1995}

@ARTICLE{762,
KEYWORD      = {Henry},
AUTHOR       = {H. A. Schwarz and B. H. J. Bielski},
TITLE        = {Reactions of \chem{HO_2} and \chem{O_2^-} with iodine and
bromine and the \chem{I_2^-} and \chem{I} atom reduction potentials},
JOURNAL      = jpc,
VOLUME       = {90},
PAGES        = {1445-1448},
YEAR         = 1986}

@ARTICLE{803,
KEYWORD      = {model},
AUTHOR       = {J.-F. M\"uller and G. Brasseur},
TITLE        = {IMAGES: A three-dimensional chemical transport model of the
global troposphere},
JOURNAL      = jgr,
VOLUME       = {100D},
PAGES        = {16445-16490},
YEAR         = 1995}

@ARTICLE{822,
KEYWORD      = {rate-const},
AUTHOR       = {A. Aranda and G. {Le Bras} and G. {La Verdet} and G. Poulet},
TITLE        = {The \chem{BrO} + \chem{CH_3O_2} reaction: Kinetics and role
in the atmospheric ozone budget},
JOURNAL      = grl,
VOLUME       = {24},
PAGES        = {2745-2748},
YEAR         = 1997}

@ARTICLE{828,
KEYWORD      = {iodine and rate-const},
AUTHOR       = {A. A. Turnipseed and M. K. Gilles and J. B. Burkholder and
A. R. Ravishankara},
TITLE        = {Kinetics of the \chem{IO} radical. 1. {R}eaction of \chem{IO}
with \chem{ClO}},
JOURNAL      = jpca,
VOLUME       = {101},
PAGES        = {5517-5525},
YEAR         = 1997}

@ARTICLE{829,
KEYWORD      = {iodine and rate-const},
AUTHOR       = {M. K. Gilles and A. A. Turnipseed and J. B. Burkholder and
A. R. Ravishankara and S. Solomon},
TITLE        = {Kinetics of the \chem{IO} radical. 2. Reaction of \chem{IO}
with \chem{BrO}},
JOURNAL      = jpca,
VOLUME       = {101},
PAGES        = {5526-5534},
YEAR         = 1997}

@ARTICLE{844,
KEYWORD      = {rate-const},
AUTHOR       = {L. Magi and F. Schweitzer and C. Pallares and S. Cherif and
and P. Mirabel and C. George},
TITLE        = {Investigation of the uptake rate of ozone and methyl
hydroperoxide by water surfaces},
JOURNAL      = jpca,
VOLUME       = {101},
PAGES        = {4943-4949},
YEAR         = 1997}

@ARTICLE{872,
KEYWORD      = {rate-const and aq-phase-chem},
AUTHOR       = {W. R. Haag and J. Hoign\'e},
TITLE        = {Ozonation of bromide-containing waters: Kinetics of formation
of hypobromous acid and bromate},
JOURNAL      = est,
VOLUME       = {17},
PAGES        = {261-267},
YEAR         = 1983}

@ARTICLE{874,
KEYWORD      = {rate-const and iodine},
AUTHOR       = {O. Citri and I. R. Epstein},
TITLE        = {Mechanistic study of a coupled chemical oscillator: the
bromate-chlorite-iodide reaction},
JOURNAL      = jpc,
VOLUME       = {92},
PAGES        = {1865-1871},
YEAR         = 1988}

@ARTICLE{875,
KEYWORD      = {rate-const and iodine},
AUTHOR       = {R. J. Olsen and I. R. Epstein},
TITLE        = {Bifurcation analysis of chemical reaction mechanisms. {I}.
{S}teady state bifurcation structure},
JOURNAL      = jcp,
VOLUME       = {94},
PAGES        = {3083-3095},
YEAR         = 1991}

@ARTICLE{884,
KEYWORD      = {iodine and rate-const},
AUTHOR       = {I. Lengyel and J. Li and K. Kustin and I. R. Epstein},
TITLE        = {Rate constants for reactions between iodine- and
chlorine-containing species: A detailed mechanism of the chlorine
dioxine/chlorite reaction},
JOURNAL      = jacs,
VOLUME       = {118},
PAGES        = {3708-3719},
YEAR         = 1996}

@ARTICLE{885,
KEYWORD      = {iodine and rate-const},
AUTHOR       = {C. R. Chinake and R. H. Simoyi},
TITLE        = {Kinetics and mechanism of the complex bromate-iodine reaction},
JOURNAL      = jpc,
VOLUME       = {100},
PAGES        = {1643-1656},
YEAR         = 1996}

@ARTICLE{932,
KEYWORD      = {rate-const and model},
AUTHOR       = {T. Ingham and D. Bauer and R. Sander and P. J. Crutzen and J. N.
Crowley},
TITLE        = {Kinetics and products of the reactions \chem{BrO} + \chem{DMS}
and \chem{Br} + \chem{DMS} at 298~\unit{K}},
JOURNAL      = jpca,
VOLUME       = {103},
PAGES        = {7199-7209},
YEAR         = 1999}

@BOOK{935,
KEYWORD      = {Henry},
AUTHOR       = {J. H. Seinfeld and S. N. Pandis},
TITLE        = {Atmospheric Chemistry and Physics},
PUBLISHER    = {John Wiley \& Sons, Inc.},
YEAR         = 1998}

@ARTICLE{955,
KEYWORD      = {rate-const},
AUTHOR       = {G. V. Buxton and S. McGowan and G. A. Salmon and J. E. Williams
and N. D. Wood},
TITLE        = {A study of the spectra and reactivity of oxysulphur-radical
anions involved in the chain oxidation of \chem{S(IV)}: A pulse and
$\gamma$-radiolysis study},
JOURNAL      = ae,
VOLUME       = {30},
PAGES        = {2483-2493},
YEAR         = 1996}

@ARTICLE{964,
KEYWORD      = {data-tables and rate-const},
AUTHOR       = {R. Atkinson},
TITLE        = {Gas-phase tropospheric chemistry of volatile organic compounds:
1. Alkanes and alkenes},
JOURNAL      = jpcrd,
VOLUME       = {26},
PAGES        = {215-290},
YEAR         = 1997}

@ARTICLE{987,
KEYWORD      = {rate-const},
AUTHOR       = {D. Wu and D. Wong and B. {Di Bartolo}},
TITLE        = {Evolution of \chem{Cl_2^-} in aqueous \chem{NaCl} solutions},
JOURNAL      = jp,
VOLUME       = {14},
PAGES        = {303-310},
YEAR         = 1980}

@PHDTHESIS{1008,
KEYWORD      = {rate-const},
AUTHOR       = {H.-W. Jacobi},
TITLE        = {Kinetische Untersuchungen und Modellrechnungen zur
troposph\"arischen Chemie von Radikalanionen und Ozon in w\"a{\ss}riger Phase},
SCHOOL       = {Universit\"at GH Essen, FRG},
YEAR         = 1996}

@INPROCEEDINGS{1009,
KEYWORD      = {rate-const},
AUTHOR       = {H.-W. Jacobi and H. Herrmann and R. Zellner},
TITLE        = {Kinetic investigation of the \chem{Cl_2^-} radical in the
aqueous phase},
BOOKTITLE    = {Air Pollution Research Report 57: Homogenous and hetrogenous
chemical Processes in the Troposphere},
EDITOR       = {P. Mirabel},
PUBLISHER    = {Office for official Publications of the European Communities,
Luxembourg},
PAGES        = {172-176},
YEAR         = 1996}

@ARTICLE{1034,
KEYWORD      = {rate-const},
AUTHOR       = {C. A. Long and B. H. J. Bielski},
TITLE        = {Rate of reaction of superoxide radical with chloride-containing
species},
JOURNAL      = jpc,
VOLUME       = {84},
PAGES        = {555-557},
YEAR         = 1980}

@ARTICLE{1035,
KEYWORD      = {rate-const},
AUTHOR       = {E. Bjergbakke and S. Navartnam and B. J. Parsons and A. J.
Swallow},
TITLE        = {Reaction between \chem{HO_2\cdot} and chlorine in aqueous
solution},
JOURNAL      = jacs,
VOLUME       = {103},
PAGES        = {5926-5928},
YEAR         = 1981}

@ARTICLE{1039,
KEYWORD      = {\chem{BrCl}},
AUTHOR       = {Q. Liu and D. W. Margerum},
TITLE        = {Equilibrium and kinetics of bromine chloride hydrolysis},
JOURNAL      = est,
VOLUME       = {35},
PAGES        = {1127-1133},
YEAR         = 2001}

@ARTICLE{1054,
KEYWORD      = {rate-const},
AUTHOR       = {J. J. Orlando and G. S. Tyndall},
TITLE        = {Rate coefficients for the thermal decomposition of
\chem{BrONO_2} and the heat of formation of \chem{BrONO_2}},
JOURNAL      = jpc,
VOLUME       = {100},
PAGES        = {19398-19405},
YEAR         = 1996}

@ARTICLE{1059,
KEYWORD      = {rate-const},
AUTHOR       = {L. C. Anderson and D. W. Fahey},
TITLE        = {Studies with \chem{ClONO_2}: Thermal dissociation rate and
catalytic conversion to \chem{NO} using an \chem{NO}/\chem{O_3}
chemiluminescence detector},
JOURNAL      = jpc,
VOLUME       = {94},
PAGES        = {644-652},
YEAR         = 1990}

@ARTICLE{1079,
KEYWORD      = {measured-MBL-gas-phase and peroxy and \chem{O_3}},
AUTHOR       = {G. P. Ayers and S. A. Penkett and R. W. Gillett and B. Bandy and
I. E. Galbally and C. P. Meyer and C. M. Elsworth and S. T. Bentley and B. W.
Forgan},
TITLE        = {The annual cycle of peroxides and ozone in marine air at {C}ape
{G}rim, {T}asmania},
JOURNAL      = jac,
VOLUME       = {23},
PAGES        = {221-252},
YEAR         = 1996}

@ARTICLE{1098,
KEYWORD      = {rate-const},
AUTHOR       = {I. Barnes and K. H. Becker and J. Starcke},
TITLE        = {Fourier-transform {IR} spectroscopic observation of gaseous
nitrosyl iodine, nitryl iodine, and iodine nitrate},
JOURNAL      = jpc,
VOLUME       = {95},
PAGES        = {9736-9740},
YEAR         = 1991}

@ARTICLE{1123,
KEYWORD      = {rate-const},
AUTHOR       = {H.-W. Jacobi and F. Wicktor and H. Herrmann and R. Zellner},
TITLE        = {A laser flash photolysis kinetic study of reactions of the
\chem{Cl_2^-} radical anion with oxygenated hydrocarbons in aqueous solution},
JOURNAL      = ijck,
VOLUME       = {31},
PAGES        = {169-181},
YEAR         = 1999}

@ARTICLE{1168,
KEYWORD      = {model and rate-const},
AUTHOR       = {H. Herrmann and B. Ervens and P. Nowacki and R. Wolke and R.
Zellner},
TITLE        = {A chemical aqueous phase radical mechanism for tropospheric
chemistry},
JOURNAL      = chemo,
VOLUME       = {38},
PAGES        = {1223-1232},
YEAR         = 1999}

@MISC{1207,
KEYWORD      = {data-tables and rate-const},
AUTHOR       = {R. Atkinson and D. L. Baulch and R. A. Cox and Hampson, Jr.,
R. F. and J. A. Kerr and M. J. Rossi and J. Troe},
TITLE        = {Summary of evaluated kinetic and photochemical data for
atmospheric chemistry: Web version {A}ugust 1999},
NOTE         = {\url{http://www.iupac-kinetic.ch.cam.ac.uk/}},
YEAR         = 1999}

@ARTICLE{1218,
KEYWORD      = {rate-const and aq-phase-chem},
AUTHOR       = {Y. Bichsel and U. {von Gunten}},
TITLE        = {Oxidation of iodide and hypoiodous acid in the disinfection of
natural waters},
JOURNAL      = est,
VOLUME       = {33},
PAGES        = {4040-4045},
YEAR         = 1999}

@ARTICLE{1238,
AUTHOR       = {G. V. Buxton and M. Bydder and G. A. Salmon},
TITLE        = {The reactivity of chlorine atoms in aqueous solution: {P}art
{II}. {T}he equilibrium \chem{SO_4^{.-}} + \chem{Cl^-} {\EQ} \chem{Cl^.} +
\chem{SO_4^{2-}}},
JOURNAL      = pccp,
VOLUME       = {1},
PAGES        = {269-273},
YEAR         = 1999}

@ARTICLE{1239,
AUTHOR       = {G. V. Buxton and G. A. Salmon and J. Q. Wang},
TITLE        = {The equilibrium \chem{NO_3^.} + \chem{Cl^-} {\EQ} \chem{NO_3^-} +
\chem{Cl^.}: A laser flash photolysis and pulse radiolysis study of the
reactivity of \chem{NO_3^.} with chloride ion in aqueous solution},
JOURNAL      = pccp,
VOLUME       = {1},
PAGES        = {3589-3593},
YEAR         = 1999}

@ARTICLE{1243,
KEYWORD      = {rate-const},
AUTHOR       = {P.-Y. Jiang and Y. Katsumura and R. Nagaishi and M. Domae and K.
Ishikawa and K. Ishigure and Y. Yoshida},
TITLE        = {Pulse radiolysis study of concentrated sulfuric acid solutions.
{F}ormation mechanism, yield and reactivity of sulfate radicals},
JOURNAL      = jcsft,
VOLUME       = {88},
PAGES        = {1653-1658},
YEAR         = 1992}

@ARTICLE{1244,
KEYWORD      = {rate-const},
AUTHOR       = {H. Herrmann and A. Reese and R. Zellner},
TITLE        = {Time resolved {UV}/{VIS} diode array absorption spectroscopy of
\chem{SO_x^-} (x=3, 4, 5) radical anions in aqueous solution},
JOURNAL      = jms,
VOLUME       = {348},
PAGES        = {183-186},
YEAR         = 1995}

@ARTICLE{1245,
KEYWORD      = {measured-MBL-gas-phase and \chem{Cl_2} and NMHC},
AUTHOR       = {O. W. Wingenter and B. C. Sive and N. J. Blake and F. S.
Rowland},
TITLE        = {Atomic chlorine concentrations determined from ethane and
hydroxyl measurements made over the Central {P}acific {O}cean},
JOURNAL      = eosas,
VOLUME       = {80/46},
PAGES        = {F149-F150},
YEAR         = 1999}

@ARTICLE{1249,
KEYWORD      = {rate-const},
AUTHOR       = {G. C. Barker and P. Fowles and B. Stringer},
TITLE        = {Pulse radiolytic induced transient electrical conductance in
liquid solutions},
JOURNAL      = tfs,
VOLUME       = {66},
PAGES        = {1509-1519},
YEAR         = 1970}

@ARTICLE{1257,
KEYWORD      = {rxn and chain and ox},
AUTHOR       = {P. Warneck},
TITLE        = {The relative importance of various pathways for the oxidation of
sulfur dioxide and nitrogen dioxide in sunlit continental fair weather clouds},
JOURNAL      = pccp,
VOLUME       = {1},
PAGES        = {5471-5483},
YEAR         = 1999}

@ARTICLE{1456,
KEYWORD      = {model and MBL and \chem{Br_2}},
AUTHOR       = {R. {von Glasow} and R. Sander and A. Bott and P. J. Crutzen},
TITLE        = {Modeling halogen chemistry in the marine boundary layer. 1.
{C}loud-free MBL},
JOURNAL      = jgr,
VOLUME       = {107D},
EID          = {4341},
DOI          = {10.1029/2001JD000942},
YEAR         = 2002}

@ARTICLE{1503,
KEYWORD      = {rate-const},
AUTHOR       = {S. A. Carl and J. N. Crowley},
TITLE        = {298~\unit{K} rate coefficients for the reaction of \chem{OH}
with \chem{i-C_3H_7I}, \chem{n-C_3H_7I} and \chem{C_3H_8}},
JOURNAL      = acp,
VOLUME       = {1},
PAGES        = {1-7},
YEAR         = 2001}

@ARTICLE{1517,
KEYWORD      = {iodine},
AUTHOR       = {J. L. Jimenez and R. Bahreini and D. R. {Cocker III} and H.
Zhuang and V. Varutbangkul and R. C. Flagan and J. H. Seinfeld and C. D. O'Dowd
and T. Hoffmann},
TITLE        = {New particle formation from photooxidation of diiodomethane
(\chem{CH_2I_2})},
JOURNAL      = jgr,
VOLUME       = {108D},
DOI          = {10.1029/2002JD002452},
YEAR         = 2003}

@TECHREPORT{1555,
KEYWORD      = {data-tables and rate-const},
AUTHOR       = {S. P. Sander and B. J. Finlayson-Pitts and R. R. Friedl and D. M.
Golden and R. E. Huie and C. E. Kolb and M. J. Kurylo and M. J. Molina and G. K.
Moortgat and V. L. Orkin and A. R. Ravishankara},
TITLE        = {Chemical Kinetics and Photochemical Data
for Use in Atmospheric Studies, Evaluation Number 14},
TYPE         = {JPL Publication},
NUMBER       = {02-25},
INSTITUTION  = {Jet Propulsion Laboratory},
ADDRESS      = {Pasadena, CA},
YEAR         = 2003}

@ARTICLE{1598,
KEYWORD      = {iodine and rate-const},
AUTHOR       = {Y. Nakano and S. Enami and S. Nakamichi and S. Aloisio and S.
Hashimoto and M. Kawasaki},
TITLE        = {Temperature and pressure dependence study of the reaction of
\chem{IO} radicals with dimethyl sulfide by cavity ring-down laser
spectroscopy},
JOURNAL      = jpca,
VOLUME       = {107},
PAGES        = {6381-6387},
YEAR         = 2003}

@ARTICLE{1599,
AUTHOR       = {L. E. Christensen and M. Okumura and S. P. Sander and R. J.
Salawitch and G. C. Toon and B. Sen and J.-F. Blavier and K. W. Jucks},
TITLE        = {Kinetics of \chem{HO_2} + \chem{HO_2} {\TO} \chem{H_2O_2} +
\chem{O_2}: Implications for stratospheric \chem{H_2O_2}},
JOURNAL      = grl,
VOLUME       = {29},
DOI          = {10.1029/2001GL014525},
YEAR         = 2002}

@ARTICLE{1610,
KEYWORD      = {data-tables and rate-const},
AUTHOR       = {R. Atkinson and D. L. Baulch and R. A. Cox and J. N. Crowley and
R. F. Hampson and R. G. Hynes and M. E. Jenkin and M. J. Rossi and J. Troe},
TITLE        = {Evaluated kinetic and photochemical data for atmospheric
chemistry: Part 1 - gas phase reactions of \chem{O_x}, \chem{HO_x}, \chem{NO_x}
and \chem{SO_x} species},
JOURNAL      = acpd,
VOLUME       = {3},
PAGES        = {6179-6699},
YEAR         = 2003}

@ARTICLE{1611,
AUTHOR       = {M. J. Elrod and D. L. Ranschaert and N. J. Schneider},
TITLE        = {Direct kinetics study of the temperature dependence of the
\chem{CH_2O} branching channel for the \chem{CH_3O_2} + \chem{HO_2} reaction},
JOURNAL      = ijck,
VOLUME       = {33},
PAGES        = {363-376},
YEAR         = 2001}

@PHDTHESIS{1612,
KEYWORD      = {model},
AUTHOR       = {R. von Kuhlmann},
TITLE        = {Tropospheric photochemistry of ozone, its precursors and the
hydroxyl radical: A 3D-modeling study considering non-methane hydrocarbons},
SCHOOL       = {Johannes Gutenberg-Universit\"at, Mainz, Germany},
YEAR         = 2001}

@ARTICLE{1613,
AUTHOR       = {G. S. Tyndall and R. A. Cox and C. Granier and R. Lesclaux and
G. K. Moortgat and M. J. Pilling and A. R. Ravishankara and T. J. Wallington},
TITLE        = {The atmospheric chemistry of small organic peroxy radicals},
JOURNAL      = jgr,
VOLUME       = {106D},
PAGES        = {12157-12182},
YEAR         = 2001}

@ARTICLE{1614,
AUTHOR       = {U. P{\"o}schl and R. {von Kuhlmann} and N. Poisson and P. J.
Crutzen},
TITLE        = {Development and intercomparison of condensed isoprene oxidation
mechanisms for global atmospheric modeling},
JOURNAL      = jac,
VOLUME       = {37},
PAGES        = {29-52},
YEAR         = 2000}

@ARTICLE{1616,
AUTHOR       = {G. S. Tyndall and T. A. Staffelbach and J. J. Orlando and J. G.
Calvert},
TITLE        = {Rate coefficients for the reactions of \chem{OH} radicals with
methylglyoxal and acetaldehyde},
JOURNAL      = ijck,
VOLUME       = {27},
PAGES        = {1009-1020},
YEAR         = 1995}

@ARTICLE{1617,
AUTHOR       = {C. E. Canosa-Mas and M. D. King and R. Lopez and C. J. Percival
and R. P. Wayne and D. E. Shallcross and J. A. Pyle and V. Daele},
TITLE        = {Is the reaction between \chem{CH_3(O)O_2} and \chem{NO_3}
important in the night-time troposphere?},
JOURNAL      = jcsft,
VOLUME       = {92},
PAGES        = {2211-2222},
YEAR         = 1996}

@ARTICLE{1623,
AUTHOR       = {R. A. Zaveri and L. K. Peters},
TITLE        = {A new lumped structure photochemical mechanism for large-scale
applications},
JOURNAL      = jgr,
VOLUME       = {104D},
PAGES        = {30387-30415},
YEAR         = 1999}

@ARTICLE{1624,
AUTHOR       = {P. Neeb and O. Horie and G. K. Moortgat},
TITLE        = {The ethene-ozone reaction in the gas phase},
JOURNAL      = jpca,
VOLUME       = {102},
PAGES        = {6778-6785},
YEAR         = 1998}

@ARTICLE{1626,
AUTHOR       = {M. Finkbeiner and J. N. Crowley and O. Horie and R. M\"uller and
G. K. Moortgat and P. J. Crutzen},
TITLE        = {Reaction between \chem{HO_2} and \chem{ClO}: Product formation
between 210 and 300~\unit{K}},
JOURNAL      = jpc,
VOLUME       = {99},
PAGES        = {16264-16275},
YEAR         = 1995}

@ARTICLE{1627,
KEYWORD      = {data-tables and rate-const},
AUTHOR       = {R. Atkinson},
TITLE        = {Kinetics of the gas-phase reactions of \chem{OH} radicals with
alkanes and cycloalkanes},
JOURNAL      = acp,
VOLUME       = {3},
PAGES        = {2233-2307},
YEAR         = 2003}

@ARTICLE{1628,
AUTHOR       = {D. C. McCabe and T. Gierczak and R. K. Talukdar and A. R.
Ravishankara},
TITLE        = {Kinetics of the reaction \chem{OH} + \chem{CO} under atmospheric
conditions},
JOURNAL      = grl,
VOLUME       = {28},
PAGES        = {3135-3138},
YEAR         = 2001}

@ARTICLE{1629,
AUTHOR       = {J. J. Orlando and G. S. Tyndall and S. B. Bertman and W. Chen
and J. B. Burkholder},
TITLE        = {Rate coefficient for the reaction of \chem{OH} with
\chem{CH_2=C(CH_3)C(O)OONO_2} (MPAN)},
JOURNAL      = ae,
VOLUME       = {36},
PAGES        = {1895-1900},
YEAR         = 2002}

@ARTICLE{1630,
AUTHOR       = {A. A. Boyd and P.-M. Flaud and N. Daugey and R. Lesclaux},
TITLE        = {Rate constants for \chem{RO_2} + \chem{HO_2} reactions measured
under a large excess of \chem{HO_2}},
JOURNAL      = jpca,
VOLUME       = {107},
PAGES        = {818-821},
YEAR         = 2003}

@ARTICLE{1631,
AUTHOR       = {M. Sprengnether and K. L. Demerjian and N. M. Donahue and J. G.
Anderson},
TITLE        = {Product analysis of the \chem{OH} oxidation of isoprene and
1,3-butadiene in the presence of \chem{NO}},
JOURNAL      = jgr,
VOLUME       = {107D},
DOI          = {10.1029/2001JD000716},
YEAR         = 2002}

@ARTICLE{1632,
AUTHOR       = {F. Kirchner and W. R. Stockwell},
TITLE        = {Effect of peroxy radical reactions on the predicted
concentrations of ozone, nitrogenous compounds, and radicals},
JOURNAL      = jgr,
VOLUME       = {101D},
PAGES        = {21007-21022},
YEAR         = 1996}

@ARTICLE{1633,
AUTHOR       = {T. Logager and K. Sehested and J. Holcman},
TITLE        = {Rate constants of the equilibrium reactions \chem{SO_4} +
\chem{HNO_3} $\rightleftharpoons$ \chem{HSO_4^-} + \chem{NO_3} and \chem{SO_4}
+ \chem{NO_3} $\rightleftharpoons$ \chem{SO_4^{2-}} + \chem{NO_3}},
JOURNAL      = rpc,
VOLUME       = {41},
PAGES        = {539-543},
YEAR         = 1993}

@ARTICLE{1634,
KEYWORD      = {rate-const},
AUTHOR       = {V. Sivakumaran and D. H\"olscher and T. J. Dillon and J. N.
Crowley},
TITLE        = {Reaction between \chem{OH} and \chem{HCHO}: temperature
dependent rate coefficients (202-399~\unit{K}) and product pathways
(298~\unit{K})},
JOURNAL      = pccp,
VOLUME       = {5},
PAGES        = {4821-4827},
YEAR         = 2003}

@ARTICLE{1639,
KEYWORD      = {bromine},
AUTHOR       = {B. M. Matthew and I. George and C. Anastasio},
TITLE        = {Hydroperoxyl radical (\chem{HO2\cdot}) oxidizes dibromide
radical anion (\chem{\cdot Br_2^-}) to bromine (\chem{Br_2}) in aqueous
solution: Implications for the formation of \chem{Br_2} in the marine boundary
layer},
JOURNAL      = grl,
VOLUME       = {30},
DOI          = {10.1029/2003GL018572},
YEAR         = 2003}

@ARTICLE{1641,
KEYWORD      = {iodine},
AUTHOR       = {W. J. Bloss and D. M. Rowley and R. A. Cox and R. L. Jones},
TITLE        = {Kinetics and products of the \chem{IO} self-reaction},
JOURNAL      = jpca,
VOLUME       = {105},
PAGES        = {7840-7854},
YEAR         = 2001}

@ARTICLE{1643,
KEYWORD      = {iodine},
AUTHOR       = {D. M. Rowley and W. J. Bloss and R. A. Cox and R. L. Jones},
TITLE        = {Kinetics and products of the \chem{IO} + \chem{BrO} reaction},
JOURNAL      = jpca,
VOLUME       = {105},
PAGES        = {7855-7864},
YEAR         = 2001}

@ARTICLE{1644,
KEYWORD      = {rate-const and iodine},
AUTHOR       = {H. {van den Bergh} and J. Troe},
TITLE        = {Kinetic and thermodynamic properties of \chem{INO} and
\chem{INO_2} intermediate complexes in iodine recombination},
JOURNAL      = jcp,
VOLUME       = {64},
PAGES        = {736-742},
YEAR         = 1976}

