../../../caaba/mecca/latex/meccalit.bib