../grid/main_grid.bib