@String{ acp 	= {Atmos. Chem. Phys.}}
@String{ acpd 	= {Atmos. Chem. Phys. Discuss.}}
@String{ ae 	= {Atmos. Environ.}}
@string{ ag     = {Ann. Geophys.}}
@String{ ang 	= {Ann. Geoph.}}
@String{ areps 	= {Ann. Rev. Earth Planet. Sci.}}
@String{ arnps 	= {Ann. Rev. Nucl. Part. Sci.}}
@String{ bams 	= {Bull. Am. Met. Soc.}}
@String{ blm 	= {Bound. Lay. Met.}}
@String{ bpa 	= {Beitr. Phys. Atmos.}}
@String{ chemo 	= {Chemosphere}}
@String{ epsl 	= {Earth Plan. Sci. Lett.}}
@String{ est 	= {Environ. Sci. Technol.}}
@String{ gbc 	= {Glob. Biogeochem. Cycles}}
@String{ grl 	= {Geophys. Res. Lett.}}
@String{ jac 	= {J. Atmos. Chem.}}
@String{ jam 	= {J. Appl. Met.}}
@String{ jasc 	= {J. Atmos. Sci.}}
@string{ jastphy = {J. Atmos. Sol.-Terrest. Phys.}}
@String{ jclim 	= {J. Climate}}
@String{ jgr 	= {J. Geophys. Res.}}
@String{ jinc 	= {J. Inorg. Nucl. Chem.}}
@String{ mwr 	= {Mon. Weather Rev.}}
@String{ nat 	= {Nature}}
@String{ phyr 	= {Phys. Rev.}}
@String{ qjrms 	= {Q. J. R. Meteorol. Soc.}}
@String{ rc 	= {Radiocarbon}}
@String{ rg 	= {Rev. Geophys.}}
@String{ sci 	= {Science}}
@String{ sp 	= {Sol. Phys.}}
@String{ tel 	= {Tellus}}
@string{ aglac  = {Ann. Glac.}}
@string{ ambio  = {Ambio}}
@string{ aopt   = {Appl. Opt.}}
@string{ cce    = {Comput. Chem. Eng.}}
@string{ newsc  = {New Scientist}}
@string{ pss    = {Planet. Space Sci.}}
@string{ rgsp   = {Rev. Geophys. Space Phys.}}
@string{ rpcms  = {Rapid Communications in Mass Spectrometry}}

%%  note = 	 {SRef-ID: 1680-7324/acp/2005-5-433},
@Article{442,
  author = 	 {J\"{o}ckel, Patrick and Sander, Rolf 
                 and Kerkweg, Astrid and Tost, Holger
                 and Lelieveld, Jos},
  title = 	 {Technical Note: The {M}odular {E}arth {S}ubmodel {Sy}stem
                  {(MESSy)} - a new approach towards {E}arth {S}ystem
                  {M}odeling},
  journal = 	 acp,
  volume = 	 {5},
  note   =       {\url{http://www.atmos-chem-phys.net/8/1677}},
  pages = 	 {433-444},
  year = 	 2005,
}

@TechReport{478,
AUTHOR       = {Roeckner, E. and G. B\"{a}uml and L. Bonaventura and R. Brokopf
                and M. Esch and M. Giorgetta and S. Hagemann and I. Kirchner
                and L. Kornblueh and E. Manzini and A. Rhodin and U. Schlese
                and U. Schulzweida and A. Tompkins},
TITLE        = {The atmospheric general circulation model {ECHAM5}. PART {I}:
                Model description},
PAGES        = {127 pp},
INSTITUTION  = {Max Planck Institute for Meteorology},
NOTE         = {{MPI}-Report 349,
    \url{http://www.mpimet.mpg.de/fileadmin/publikationen/Reports/max_scirep_349.pdf} },
YEAR         = 2003,
}

@TechReport{479,
AUTHOR       = {Roeckner, E. and R. Brokopf and M. Esch and M. Giorgetta and
                S. Hagemann and L. Kornblueh and E. Manzini and U. Schlese
                and U. Schulzweida},
TITLE        = {The atmospheric general circulation model {ECHAM5}. PART {II}:
                Sensitivity of Simulated Climate to Horizontal and Vertical
                Resolution},
PAGES        = {56 pp},
INSTITUTION  = {Max Planck Institute for Meteorology},
NOTE         = {{MPI}-Report 354,
\url{http://www.mpimet.mpg.de/fileadmin/publikationen/Reports/max_scirep_354.pdf}},
YEAR         = 2004,
}

@ARTICLE{480,
AUTHOR       = {Roeckner, E. and R. Brokopf and M. Esch and M. Giorgetta and
                S. Hagemann and L. Kornblueh and E. Manzini and U. Schlese
                and U. Schulzweida},
TITLE        = {Sensitivity of simulated climate to horizontal and vertical
                resolution in the {ECHAM5} atmosphere model},
JOURNAL      = jclim,
VOLUME       = {19},
ISSUE        = {16},
PAGES        = {3771-3791},
YEAR         = 2006,
}
