
@string{ab     ={Anal. Biochem.}}
@string{ac     ={Anal. Chem.}}
@string{acp    ={Atmos. Chem. Phys.}}
@string{acpd   ={Atmos. Chem. Phys. Discuss.}}
@string{acr    ={Acc. Chem. Res.}}
@string{ae     ={Atmos. Environ.}} % include letter A-B with Vol 24..27
@string{aest   ={Adv. Environ. Sci. Technol.}} % Vol 24 = Gaseous Pollutants
@string{ag     ={Ann. Geophys.}}
@string{ags2   ={Ann. Geophys. Suppl. II}}
@string{aichej ={AIChE J.}}
@string{ajc    ={Aust. J. Chem.}}
@string{amstat ={Am. Stat.}}
@string{angew  ={Angew. Chem.}}
@string{ants   ={Antarct. Sci.}}
@string{anyas  ={Ann. N. Y. Acad. Sci.}}
@string{ao     ={Atmos. Ocean}}
@string{ar     ={Atmos. Res.}}
@string{areps  ={Annu. Rev. Earth Planet. Sci.}}
@string{as     ={Anal. Sci.}}
@string{asr    ={Adv. Space Res.}}
@string{ast    ={Aerosol Sci. Technol.}}
@string{baa    ={Baseline Atmospheric (Australia)}}
@string{bbpc   ={Ber. Bunsenges. Phys. Chem.}}
@string{cc     ={Comput. Chem.}}
@string{cce    ={Comp. Chem. Eng.}} % Computers and Chemical Engineering
@string{ce     ={Chem. Eng.}} % include month
@string{ces    ={Chem. Eng. Sci.}}
@string{cgcs   ={Chemosphere - Global Change Science}} % abbreviation = ??
@string{chemo  ={Chemosphere}}
@string{chrom  ={Chromatographia}}
@string{cimb   ={CIM Bull.}}
@string{cjc    ={Can. J. Chem.}}
@string{cjr    ={Can. J. Res.}}
@string{cp     ={Chem. Phys.}}
@string{cpl    ={Chem. Phys. Let.}}
@string{cr     ={Chem. Rev.}}
@string{crest  ={Crit. Rev. Environ. Sci. Technol.}}
@string{crhsas ={C. R. Hebd. Seances Acad. Sci.}}
@string{cz     ={Chem. Ztg.}}
@string{dsr    ={Deep-Sea Res.}}
@string{end    ={Endeavour}}
@string{eos    ={Eos, Trans. AGU}}
@string{eosas  ={Eos, Trans. AGU (Abstract Supplement)}}
@string{ep     ={Environ. Pollut.}}
@string{est    ={Environ. Sci. Technol.}}
@string{et     ={Environ. Technol.}}
@string{etc    ={Environ. Toxicol. Chem.}}
@string{etl    ={Environ. Technol. Let.}}
@string{fd     ={Faraday Discuss.}}            % since volume 92
@string{fdcs   ={Faraday Discuss. Chem. Soc.}} % until volume 91
@string{fjac   ={Fresenius J. Anal. Chem.}}
@string{fpe    ={Fluid Phase Equilib.}}
@string{gbc    ={Global Biogeochem. Cycles}}
@string{gca    ={Geochim. Cosmochim. Acta}}
@string{geot   ={Geothermics}}
@string{grl    ={Geophys. Res. Lett.}}
@string{gmd    ={Geosci. Model Dev.}}
@string{gmdd   ={Geosci. Model Dev. Discuss.}}
@string{grl    ={Geophys. Res. Lett.}}
@string{hca    ={Helv. Chim. Acta}}
@string{ic     ={Inorg. Chem.}}
@string{ica    ={Inorg. Chim. Acta}}
@string{iecr   ={Ind. Eng. Chem. Res.}}
@string{ijck   ={Int. J. Chem. Kinetics}}
@string{ijeac  ={Int. J. Environ. Anal. Chem.}}
@string{ijbm   ={Int. J. Biometeo.}} %INTERNATIONAL JOURNAL OF BIOMETEOROLOGY
@string{irpc   ={Int. Rev. Phys. Chem.}}
@string{jac    ={J. Atmos. Chem.}}
@string{jacs   ={J. Am. Chem. Soc.}}
@string{jafc   ={J. Agric. Food Chem.}}
@string{jam    ={J. Appl. Meteorol.}}
@string{japca  ={J. Air. Pollut. Control Assoc.}}
@string{jappl  ={J. Appl. Chem.}}
@string{jaers  ={J. Aerosol Sci.}}
@string{jats   ={J. Atmos. Sci.}}
@string{jawma  ={J. Am. Waste Manage. Assoc.}}
@string{jc     ={J. Clim.}}
@string{jce    ={J. Chem. Educ.}}
@string{jced   ={J. Chem. Eng. Data}}
@string{jcej   ={J. Chem. Eng. Japan}}
@string{jchro  ={J. Chromatogr.}}
@string{jchroa ={J. Chromatogr. A}}
@string{jchros ={J. Chromatogr. Sci.}}
@string{jcp    ={J. Chem. Phys.}}
@string{jcs    ={J. Chem. Soc.}}
@string{jcsa   ={J. Chem. Soc. A}}
@string{jcsb   ={J. Chem. Soc. B}}
@string{jcsc   ={J. Chem. Soc. C}}
@string{jcscc  ={J. Chem. Soc. Chem. Commum.}} % no volume
@string{jcsdt  ={J. Chem. Soc. Dalton Trans.}}
@string{jcsft  ={J. Chem. Soc. Faraday Trans.}} % 1 and 2 merged since vol 86
@string{jcsft1 ={J. Chem. Soc. Faraday Trans. 1}} % before vol 68 see tfs
@string{jcsft2 ={J. Chem. Soc. Faraday Trans. 2}} % before vol 68 see tfs
@string{jcspt1 ={J. Chem. Soc. Perkin Trans. 1}} % no volume
@string{jcspt2 ={J. Chem. Soc. Perkin Trans. 2}} % no volume
@string{jct    ={J. Chem. Thermodyn.}}
@string{jgr    ={J. Geophys. Res.}} % include letter A-D for Vol >= 83
@string{jgra    ={J. Geophys. Res. Atmos.}} 
@string{jhm    ={J. Hazard. Mater.}}
@string{jinc   ={J. Inorg. Nucl. Chem.}}
@string{jlc    ={J. Liq. Chromatogr.}}
@string{jm     ={J. Meteorol.}}
@string{jms    ={J. Mol. Struct.}}
@string{jne    ={J. Nucl. Energy}}
@string{jnm    ={J. Nucl. Mater.}}
@string{joc    ={J. Org. Chem.}}
@string{jp     ={J. Photochem.}}
@string{jpc    ={J. Phys. Chem.}} % until Vol 100
@string{jpca   ={J. Phys. Chem. A}} % starting Vol 101
@string{jpcb   ={J. Phys. Chem. B}} % starting Vol 101
@string{jpcrd  ={J. Phys. Chem. Ref. Data}}
@string{jppa   ={J. Photochem. Photobiol. A: Chem.}}
@string{jrnc   ={J. Radioanal. Nucl. Chem.}}
@string{jsc    ={J. Solution Chem.}}
@string{jsr    ={J. Sea Res.}}
@string{lo     ={Limnol. Oceanogr.}}
@string{map    ={Meteorol. Atmos. Phys.}}
@string{mc     ={Mar. Chem.}}
@string{meps   ={Mar. Ecol. Prog. Ser.}}
@string{mpb    ={Mar. Pollut. Bull.}}
@string{mz     ={Meteorol. Z.}} % Meteorologische Zeitschrift
@string{nat    ={Nature}}
@string{natwis ={Naturwissenschaften}}
@string{nim    ={Nucl. Instrum. Methods}}
@string{nimpr  ={Nucl. Instrum. Methods Phys. Res. B}} % correct??? qqq
@string{ogj    ={Oil Gas J.}}           % include NUMBER in addition to VOLUME
@string{pac    ={Pure Appl. Chem.}}
@string{pag    ={Pure Appl. Geophys.}}
@string{pccp   ={Phys. Chem. Chem. Phys.}} % new: combination of bbpc and jcsft
@string{phys   ={Physica}}
% Philosophical Transactions of the Royal Society A
@string{philtrs   ={Phil. Trans. R. Soc. A}} 
@string{prslb  ={Proc. R. Soc. Lond. B}}
@string{pss    ={Planet. Space Sci.}}
@string{qjrms  ={Q. J. R. Meteorol. Soc.}}
@string{rect   ={Rev. Environ. Contam. Toxicol.}}
@string{rg     ={Rev. Geophys.}}
@string{rgsp   ={Rev. Geophys. Space Phys.}}
@string{rjpcet ={Russ. J. Phys. Chem., Engl. Transl.}}
@string{rpc    ={Radiat. Phys. Chem.}}
@string{sc     ={Sci. China}}
@string{sci    ={Science}}
@string{sciam  ={Scientific American}}
@string{sdw    ={Spektrum der Wissenschaft}}
@string{sg     ={Surv. Geophys.}}
@string{tel    ={Tellus}} % include letter B with most volumes
@string{tfs    ={Trans. Faraday Soc.}} % after vol 67 see jcsft1 and jcsft2
@string{wasp   ={Water Air Soil Pollut.}}
@string{wm     ={Waste Manage.}}
@string{wr     ={Wat. Res.}}
@string{wst    ={Wat. Sci. Tech.}}
@string{zac    ={Z. Angew. Chem.}}
@string{zn     ={Z. Naturforsch.}}
@string{zpc    ={Z. Phys. Chem.}}
%%% END defined by Rolf Sander

@String{AE ={Atmos. Environ.}}%{Atmospheric Enviroment}}
@string{ACP     ={Atmos. Chem. Phys.}}%{Atmospheric Chemistry and Physics}}
@string{ACPD    ={Atmos. Chem. Phys. Discuss.}}%{Atmospheric Chemistry and Physics Discussion}}
@string{acpd    ={Atmos. Chem. Phys. Discuss.}}%{Atmospheric Chemistry and Physics Discussion}}
@string{AE      ={Atmos. Environ.}}%{Atmospheric Enviroment}}
@string{anm    ={Appl. Num. Math.}}
@string{AR      ={Atmos. Res.}}%{Atmospheric Research}}
@string{asr    ={Adv. Space Res.}}
@string{bbpc    ={Ber. Bunsenges. Phys. Chem.}}
@string{bbpc  ={Ber. Bunsenges. Phys. Chem.}}
@string{BLM     ={Boundary Layer Meteorolgy}}
@string{chemosp={Chemosphere}}
@string{est   ={Environ. Sci. Technol.}}
@string{fd     ={Faraday Discuss.}}            % since volume 92
@string{fjac   ={Fresenius J. Anal. Chem.}}
@string{GBC     ={Global Biogeochem. Cycles}}% Global Biogeochemical Cycles
@string{GRL     ={Geophys. Res. Lett.}}%{Geophysical Research Letters}}
@string{IA      ={Integrated Assessment}}
@string{ic    ={Inorg. Chem.}}
@string{JAC     ={J. Atmos. Chem.}}%{Journal of Atmospheric Chemistry}}
@string{jacs  ={J. Am. Chem. Soc.}}
@string{JAerSc  ={J. Aerosol Sci.}}%{Journal of Aerosol Science}}
@String{JAM     = {J. Appl. Meteor.}}%{Journal of Applied Meteorology}}
@string{JAS     = {J. Atmos. Sci.}}%{ Journal of the Atmospheric Sciences}}
@string{JASTP   = {J. Atmos. sol.-ter. Phys.}}%{Journal of Atmospheric and Solar-terrestrial Physics}}
@string{JCAM    = {J. Clim. Appl. Meteor.}}
@string{JCP     = {J. Chem. Phys.}}% Journal of Chemical Physics
@string{jcsft1={J. Chem. Soc. Faraday Trans. 1}} % same as tfs?
@string{jcsft ={J. Chem. Soc. Faraday Trans.}} % same as tfs?
@String{JGR     = {J. Geophys. Res.}}%{Journal of Geophysical Research}}
@String{JM      = {J. Meteorol.}}
@string{jp    ={J. Photochem.}}
@string{JPC     = {J. Phys. Chem. }}%{Journal of Physical Chemistry }}
@string{JPCA    = {J. Phys. Chem. A}}%{Journal of Physical Chemistry A}}
@string{JPCB    = {J. Phys. Chem. B}}%{Journal of Physical Chemistry B}}
@string{JAOTEC    = {J. Atmos. Oc. Tech.}}% JOURNAL OF ATMOSPHERIC AND OCEANIC TECHNOLOGY 
@string{MWR     = {Mon. Wea. Rev.}}%{Monthly Weather Review}}
@string{Nat     ={Nature}}
@string{PAC     ={Pure Appl. Chem.}}% International Union of Pure and Applied Chemistry
@string{PCCP   = {Phys. Chem. Chem. Phys.}} % new: combination of bbpc and jcsft
@string{PRL     ={Phys. Rev. Let.}} % Physical Review Letters
@string{T       ={Tellus}}
@string{TCR     ={The Chem. Rep.}} % The Chemical Report
@string{tfs   ={Trans. Faraday Soc.}} % after vol 67 see jcsft1 and jcsft2
@string{SC      ={Science}}
@string{SdW     ={Spektrum der Wissenschaft}}
@string{SG      ={Surv. Geophys.}}% {Surveys in Geophysics}}
@string{wasp   ={Water Air Soil Pollut.}}
@string{wr    ={Wat. Res.}}

@Article{Baumgaertner15,
AUTHOR = {Baumgaertner, A. J. G. and J\"ockel, P. and Kerkweg, A. and Sander, R. and Tost, H.},
TITLE = {Implementation of the Community Earth System Model (CESM1, version 1.2.1) as a new basemodel into version 2.50 of the MESSy framework},
JOURNAL = {Geoscientific Model Development Discussions},
VOLUME = {8},
YEAR = {2015},
NUMBER = {8},
PAGES = {6523--6550},
URL = {http://www.geosci-model-dev-discuss.net/8/6523/2015/},
DOI = {10.5194/gmdd-8-6523-2015}
}

@article{Dennis12,
author = {Dennis, John M. and Edwards, Jim and Loy, Ray and Jacob, Robert and Mirin, Arthur A. and Craig, Anthony P. and Vertenstein, Mariana}, 
title = {An application-level parallel I/O library for Earth system models},
volume = {26}, 
number = {1}, 
pages = {43-53}, 
year = {2012}, 
doi = {10.1177/1094342011428143}, 
URL = {http://hpc.sagepub.com/content/26/1/43.abstract}, 
eprint = {http://hpc.sagepub.com/content/26/1/43.full.pdf+html}, 
journal = {International Journal of High Performance Computing Applications} 
}

@Manual{Doms99,
  title = 	 {The nonhydrostatic limited-area model {LM} of {DWD}. Part 1: Scientific documentation.},
  OPTkey = 	 {},
  author = 	 {G.~Doms and U.~Sch\"{a}ttler},
  organization = {Deutscher Wetterdienst},
  address = 	 {Offenbach (Available at: www.cosmo-model.org)},
  OPTedition = 	 {},
  OPTmonth = 	 {},
  year = 	 {1999},
  OPTnote = 	 {},
  OPTannote = 	 {}
}

@Article{ESCiMo15,
AUTHOR = {J\"ockel, P. and Tost, H. and Pozzer, A. and Kunze, M. and Kirner, O. and Brenninkmeijer, C. A. M. and Brinkop, S. and Cai, D. S. and Dyroff, C. and Eckstein, J. and Frank, F. and Garny, H. and Gottschaldt, K.-D. and Graf, P. and Grewe, V. and Kerkweg, A. and Kern, B. and Matthes, S. and Mertens, M. and Meul, S. and Neumaier, M. and N\"utzel, M. and Oberl\"ander-Hayn, S. and Ruhnke, R. and Runde, T. and Sander, R. and Scharffe, D. and Zahn, A.},
TITLE = {Earth System Chemistry Integrated Modelling (ESCiMo) with the Modular Earth Submodel System (MESSy, version 2.51)},
JOURNAL = {Geoscientific Model Development Discussions},
VOLUME = {8},
YEAR = {2015},
NUMBER = {10},
PAGES = {8635--8750},
URL = {http://www.geosci-model-dev-discuss.net/8/8635/2015/},
DOI = {10.5194/gmdd-8-8635-2015}
}

@article{HDF,
Author = {Fortner, B},
Title = {{HDF: The hierarchical data format}},
Journal = {{DR DOBBS JOURNAL}},
Year = {{1998}},
Volume = {{23}},
Number = {{5}},
Pages = {{42+}},
Month = {{MAY}},
ISSN = {{1044-789X}},
Unique-ID = {{ISI:000072816900021}},
}

@Article{Huang14,
AUTHOR = {Huang, X. M. and Wang, W. C. and Fu, H. H. and Yang, G. W. and Wang, B. and Zhang, C.},
TITLE = {A fast input/output library for high-resolution climate models},
JOURNAL = {Geoscientific Model Development},
VOLUME = {7},
YEAR = {2014},
NUMBER = {1},
PAGES = {93--103},
URL = {http://www.geosci-model-dev.net/7/93/2014/},
DOI = {10.5194/gmd-7-93-2014}
}

@Article{Joeckel06a,
  author = 	 {J\"ockel, Patrick},
  title = 	 {Technical note: Recursive rediscretisation of geo-scientific data in the Modular Earth Submodel System (MESSy)},
  journal = 	 ACP,
  year = 	 {2006},
  OPTkey = 	 {},
  volume = 	 {6},
  OPTnumber = 	 {},
  pages = 	 {3557-3562},
  OPTmonth = 	 {},
  OPTnote = 	 {},
  OPTannote = 	 {}
}
@Article{Joeckel06b,
  author = 	 {P. J\"ockel and H. Tost and A. Pozzer and C. Br\"uhl and J. Buchholz and L. Ganzeveld and P. Hoor and A. Kerkweg and M. G. Lawrence and R. Sander and B. Steil and G. Stiller and M. Tanarhte and D. Taraborrelli and J. van Aardenne and J. Lelieveld},
  title = 	 {The atmospheric chemistry general circulation model ECHAM5/MESSy1: Consistent simulation of ozone from the surface to the mesosphere},
  journal = 	 ACP,
  year = 	 {2006},
  OPTkey = 	 {},
  volume = 	 {6},
  OPTnumber = 	 {},
  pages = 	 {5067-5104},
  OPTmonth = 	 {},
  OPTnote = 	 {},
  OPTannote = 	 {}
}

@Article{Joeckel10a,
  author = 	 {P. J\"ockel and  A. Kerkweg and A. Pozzer and R. Sander and  H. Tost and H. Riede and A. Baumgaertner and S. Gromov and B. Kern},
  title = 	 {Development Cycle 2 of the Modular Earth Submodel System
(MESSy2)},
  journal = 	 gmd,
  year = 	 {2010},
  OPTkey = 	 {},
  volume = 	 {3},
  OPTnumber = 	 {},
  pages = 	 {717-752},
  OPTmonth = 	 {},
  OPTannote = 	 {}
}

@Article{Jones99,
  author = 	 {P. Jones},
  title = 	 {First- and Second-Order Conservative Remapping Schemes for Grids in Spherical Coordinates},
  journal = 	 MWR,
  year = 	 {1999},
  OPTkey = 	 {},
  volume = 	 {127},
  OPTnumber = 	 {},
  pages = 	 {2204–2210},
  OPTmonth = 	 {},
  OPTnote = 	 {},
  OPTannote = 	 {}
}

@Manual{JonesUM,
  title = 	 {A User’s Guide for SCRIP: A Spherical Coordinate
Remapping and Interpolation Package, Version 1.4},
  OPTkey = 	 {},
  author = 	 {Philip W. Jones},
  organization = {Theoretical Division Los Alamos National Laboratory},
  address = 	 {The User's Guide is part of the downloadable SCRIP code distribution, available at: http://oceans11.lanl.gov/trac/SCRIP)},
  OPTedition = 	 {},
  OPTmonth = 	 {},
  year = 	 {1998},
  OPTnote = 	 {},
  OPTannote = 	 {}
}

@Article{Kerkweg06a,
  author = 	 {A. Kerkweg and R. Sander and H. Tost and P. J\"ockel},
  title = 	 { Technical Note: Implementation of prescribed (OFFLEM), calculated (ONLEM), and pseudo-emissions (TNUDGE) of chemical species in the Modular Earth Submodel System (MESSy)},
  journal = 	 ACP,
  year = 	 {2006},
  OPTkey = 	 {},
  volume = 	 {6},
  OPTnumber = 	 {},
  pages = 	 {3603-3609},
  OPTmonth = 	 {},
  OPTnote = 	 {},
  OPTannote = 	 {}
}

@Article{Kerkweg06b,
  author = 	 {A. Kerkweg and J. Buchholz and L. Ganzeveld and A. Pozzer and H. Tost and P. J\"ockel},
  title = 	 {Technical Note: an implementation of the dry removal processes DRY DEPosition and SEDImentation in the Modular Earth Submodel System (MESSy)},
  journal = 	  ACP,
  year = 	 {2006},
  OPTkey = 	 {},
  volume = 	 {6},
  OPTnumber = 	 {},
  pages = 	 {4617-4632},
  OPTmonth = 	 {},
  note = 	 {SRef-ID: 1680-7324/acp/2006-6-4617},
  OPTannote = 	 {}
}

@Article{Kerkweg12a,
AUTHOR = {Kerkweg, A. and J\"ockel, P.},
TITLE = {The 1-way on-line coupled atmospheric chemistry model system MECO(n) – Part 1: Description of the limited-area atmospheric chemistry model COSMO/MESSy},
JOURNAL = {Geoscientific Model Development},
VOLUME = {5},
YEAR = {2012},
NUMBER = {1},
PAGES = {87--110},
URL = {http://www.geosci-model-dev.net/5/87/2012/},
DOI = {10.5194/gmd-5-87-2012}
}
@Article{Kerkweg12b,
AUTHOR = {Kerkweg, A. and J\"ockel, P.},
TITLE = {The 1-way on-line coupled atmospheric chemistry model system MECO(n) – Part 2: On-line coupling with the Multi-Model-Driver (MMD)},
JOURNAL = {Geoscientific Model Development},
VOLUME = {5},
YEAR = {2012},
NUMBER = {1},
PAGES = {111--128},
URL = {http://www.geosci-model-dev.net/5/111/2012/},
DOI = {10.5194/gmd-5-111-2012}
}

@Article{Pozzer11b,
AUTHOR = {Pozzer, A. and J\"ockel, P. and Kern, B. and Haak, H.},
TITLE = {The Atmosphere-Ocean General Circulation Model EMAC-MPIOM},
JOURNAL = {Geoscientific Model Development},
VOLUME = {4},
YEAR = {2011},
NUMBER = {3},
PAGES = {771--784},
URL = {http://www.geosci-model-dev.net/4/771/2011/},
DOI = {10.5194/gmd-4-771-2011}
}

@ARTICLE{netCDF,
author={Rew, R. and Davis, G.},
journal={Computer Graphics and Applications, IEEE},
title={NetCDF: an interface for scientific data access},
year={1990},
volume={10},
number={4},
pages={76-82},
doi={10.1109/38.56302},
ISSN={0272-1716},
month={July},}

@Article{Rockel08,
  author = 	 {Burkhard Rockel and Andreas Will and Andreas Hense},
  title = 	 {The Regional Climate Model COSMO-CLM (CCLM)},
  journal = 	 mz,
  year = 	 {2008},
  OPTkey = 	 {},
  volume = 	 {17},
  number = 	 {4},
  pages = 	 {347-348},
  OPTmonth = 	 {},
  OPTnote = 	 {},
  OPTannote = 	 {}
}

@Article{Roeckner06,
  author = 	 {E. Roeckner and R. Brokopf and M. Esch and  M. Giorgetta and S. Hagemann and L. Kornblueh and E. Manzini and U. Schlese and U. Schulzweida},
  title = 	 {Sensitivity of simulated climate to 
horizontal and vertical resolution in the ECHAM5 atmosphere model},
  journal = 	 jc,
  year = 	 {2006},
  OPTkey = 	 {},
  volume = 	 {19},
  OPTnumber = 	 {},
  pages = 	 {3771-3791},
  OPTmonth = 	 {},
  OPTnote = 	 {},
  OPTannote = 	 {}
}

@Article{Vogel09,
  author = 	 {B.~Vogel and H.~Vogel and D.~B\"{a}umer and M.~Bangert and K.~Lundgren and R.~Rinke and T.~Stanelle},
  title = 	 {The comprehensive model system COSMO-ART --- Radiative impact of aerosol on the state of the atmosphere on the regional scale},
  journal = 	 acp,
  year = 	 {2009},
  OPTkey = 	 {},
  volume = 	 {9},
  OPTnumber = 	 {},
  pages = 	 {8661-8680},
  DOI =          {doi:10.5194/acp-9-8661-2009},
  OPTmonth = 	 {},
  OPTnote = 	 {ART-0001},
  OPTannote = 	 {}
}

@Article{Wan2013,
AUTHOR = {Wan, H. and Giorgetta, M. A. and Z\"angl, G. and Restelli, M. and Majewski, D. and Bonaventura, L. and Fr\"ohlich, K. and Reinert, D. and R\'{\i}podas, P. and Kornblueh, L. and F\"orstner, J.},
TITLE = {The ICON-1.2 hydrostatic atmospheric dynamical core on triangular grids – Part 1: Formulation and performance of the baseline version},
JOURNAL = {Geoscientific Model Development},
VOLUME = {6},
YEAR = {2013},
NUMBER = {3},
PAGES = {735--763},
URL = {http://www.geosci-model-dev.net/6/735/2013/},
DOI = {10.5194/gmd-6-735-2013}
}
