@String{ acp 	= {Atmos. Chem. Phys.}}
@String{ acpd 	= {Atmos. Chem. Phys. Discuss.}}
@String{ ae 	= {Atmos. Environ.}}
@string{ ag     = {Ann. Geophys.}}
@String{ ang 	= {Ann. Geoph.}}
@String{ areps 	= {Ann. Rev. Earth Planet. Sci.}}
@String{ arnps 	= {Ann. Rev. Nucl. Part. Sci.}}
@String{ bams 	= {Bull. Am. Met. Soc.}}
@String{ blm 	= {Bound. Lay. Met.}}
@String{ bpa 	= {Beitr. Phys. Atmos.}}
@String{ chemo 	= {Chemosphere}}
@String{ epsl 	= {Earth Plan. Sci. Lett.}}
@String{ est 	= {Environ. Sci. Technol.}}
@String{ gbc 	= {Glob. Biogeochem. Cycles}}
@String{ grl 	= {Geophys. Res. Lett.}}
@String{ jac 	= {J. Atmos. Chem.}}
@String{ jam 	= {J. Appl. Met.}}
@String{ jasc 	= {J. Atmos. Sci.}}
@string{ jastphy = {J. Atmos. Sol.-Terrest. Phys.}}
@String{ jclim 	= {J. Climate}}
@String{ jgr 	= {J. Geophys. Res.}}
@String{ jinc 	= {J. Inorg. Nucl. Chem.}}
@String{ mwr 	= {Mon. Weather Rev.}}
@String{ nat 	= {Nature}}
@String{ phyr 	= {Phys. Rev.}}
@String{ qjrms 	= {Q. J. R. Meteorol. Soc.}}
@String{ rc 	= {Radiocarbon}}
@String{ rg 	= {Rev. Geophys.}}
@String{ sci 	= {Science}}
@String{ sp 	= {Sol. Phys.}}
@String{ tel 	= {Tellus}}
@string{ aglac  = {Ann. Glac.}}
@string{ ambio  = {Ambio}}
@string{ aopt   = {Appl. Opt.}}
@string{ cce    = {Comput. Chem. Eng.}}
@string{ newsc  = {New Scientist}}
@string{ pss    = {Planet. Space Sci.}}
@string{ rgsp   = {Rev. Geophys. Space Phys.}}
@string{ rpcms  = {Rapid Communications in Mass Spectrometry}}

@Article{442,
  author = 	 {J\"{o}ckel, Patrick and Sander, Rolf 
                 and Kerkweg, Astrid and Tost, Holger
                 and Lelieveld, Jos},
  title = 	 {Technical Note: The {M}odular {E}arth {S}ubmodel {Sy}stem
                  {(MESSy)} - a new approach towards {E}arth {S}ystem
                  {M}odeling},
  journal = 	 acp,
  volume = 	 {5},
  note   =       {\url{http://www.atmos-chem-phys.net/8/1677}},
  pages = 	 {433-444},
  year = 	 2005,
}

@ARTICLE{573,
AUTHOR       = {P. J\"{o}ckel and A. Kerkweg and J. Buchholz-Dietsch and
                H. Tost and R. Sander and A. Pozzer},
TITLE        = {Technical Note: Coupling of chemical processes with the
                {M}odular {E}arth {S}ubmodel {S}ystem ({MESSy}) submodel 
                {TRACER}},
JOURNAL      = acp,
VOLUME       = {8},
PAGES        = {1677-1687},
NOTE         = {\url{http://www.atmos-chem-phys.net/8/1677}},
YEAR         = 2008,
}

